%YAML 1.1
%TAG !u! tag:unity3d.com,2011:
--- !u!29 &1
OcclusionCullingSettings:
  m_ObjectHideFlags: 0
  serializedVersion: 2
  m_OcclusionBakeSettings:
    smallestOccluder: 5
    smallestHole: 0.25
    backfaceThreshold: 100
  m_SceneGUID: 00000000000000000000000000000000
  m_OcclusionCullingData: {fileID: 0}
--- !u!104 &2
RenderSettings:
  m_ObjectHideFlags: 0
  serializedVersion: 9
  m_Fog: 0
  m_FogColor: {r: 0.5, g: 0.5, b: 0.5, a: 1}
  m_FogMode: 3
  m_FogDensity: 0.01
  m_LinearFogStart: 0
  m_LinearFogEnd: 300
  m_AmbientSkyColor: {r: 0.212, g: 0.227, b: 0.259, a: 1}
  m_AmbientEquatorColor: {r: 0.114, g: 0.125, b: 0.133, a: 1}
  m_AmbientGroundColor: {r: 0.047, g: 0.043, b: 0.035, a: 1}
  m_AmbientIntensity: 1
  m_AmbientMode: 0
  m_SubtractiveShadowColor: {r: 0.42, g: 0.478, b: 0.627, a: 1}
  m_SkyboxMaterial: {fileID: 10304, guid: 0000000000000000f000000000000000, type: 0}
  m_HaloStrength: 0.5
  m_FlareStrength: 1
  m_FlareFadeSpeed: 3
  m_HaloTexture: {fileID: 0}
  m_SpotCookie: {fileID: 10001, guid: 0000000000000000e000000000000000, type: 0}
  m_DefaultReflectionMode: 0
  m_DefaultReflectionResolution: 128
  m_ReflectionBounces: 1
  m_ReflectionIntensity: 1
  m_CustomReflection: {fileID: 0}
  m_Sun: {fileID: 705507994}
  m_IndirectSpecularColor: {r: 0, g: 0, b: 0, a: 1}
  m_UseRadianceAmbientProbe: 0
--- !u!157 &3
LightmapSettings:
  m_ObjectHideFlags: 0
  serializedVersion: 12
  m_GIWorkflowMode: 1
  m_GISettings:
    serializedVersion: 2
    m_BounceScale: 1
    m_IndirectOutputScale: 1
    m_AlbedoBoost: 1
    m_EnvironmentLightingMode: 0
    m_EnableBakedLightmaps: 1
    m_EnableRealtimeLightmaps: 0
  m_LightmapEditorSettings:
    serializedVersion: 12
    m_Resolution: 2
    m_BakeResolution: 40
    m_AtlasSize: 1024
    m_AO: 0
    m_AOMaxDistance: 1
    m_CompAOExponent: 1
    m_CompAOExponentDirect: 0
    m_ExtractAmbientOcclusion: 0
    m_Padding: 2
    m_LightmapParameters: {fileID: 0}
    m_LightmapsBakeMode: 1
    m_TextureCompression: 1
    m_FinalGather: 0
    m_FinalGatherFiltering: 1
    m_FinalGatherRayCount: 256
    m_ReflectionCompression: 2
    m_MixedBakeMode: 2
    m_BakeBackend: 1
    m_PVRSampling: 1
    m_PVRDirectSampleCount: 32
    m_PVRSampleCount: 500
    m_PVRBounces: 2
    m_PVREnvironmentSampleCount: 500
    m_PVREnvironmentReferencePointCount: 2048
    m_PVRFilteringMode: 2
    m_PVRDenoiserTypeDirect: 0
    m_PVRDenoiserTypeIndirect: 0
    m_PVRDenoiserTypeAO: 0
    m_PVRFilterTypeDirect: 0
    m_PVRFilterTypeIndirect: 0
    m_PVRFilterTypeAO: 0
    m_PVREnvironmentMIS: 0
    m_PVRCulling: 1
    m_PVRFilteringGaussRadiusDirect: 1
    m_PVRFilteringGaussRadiusIndirect: 5
    m_PVRFilteringGaussRadiusAO: 2
    m_PVRFilteringAtrousPositionSigmaDirect: 0.5
    m_PVRFilteringAtrousPositionSigmaIndirect: 2
    m_PVRFilteringAtrousPositionSigmaAO: 1
    m_ExportTrainingData: 0
    m_TrainingDataDestination: TrainingData
    m_LightProbeSampleCountMultiplier: 4
  m_LightingDataAsset: {fileID: 0}
  m_LightingSettings: {fileID: 4890085278179872738, guid: 30bc5054155fd9f47b9ec6cb469256b9, type: 2}
--- !u!196 &4
NavMeshSettings:
  serializedVersion: 2
  m_ObjectHideFlags: 0
  m_BuildSettings:
    serializedVersion: 2
    agentTypeID: 0
    agentRadius: 0.5
    agentHeight: 2
    agentSlope: 45
    agentClimb: 0.4
    ledgeDropHeight: 0
    maxJumpAcrossDistance: 0
    minRegionArea: 2
    manualCellSize: 0
    cellSize: 0.16666667
    manualTileSize: 0
    tileSize: 256
    accuratePlacement: 0
    maxJobWorkers: 0
    preserveTilesOutsideBounds: 0
    debug:
      m_Flags: 0
  m_NavMeshData: {fileID: 0}
--- !u!4 &88584170 stripped
Transform:
  m_CorrespondingSourceObject: {fileID: 559241867749857288, guid: 87c4865a6db0d45488f62d3b2b46205c, type: 3}
  m_PrefabInstance: {fileID: 114519106}
  m_PrefabAsset: {fileID: 0}
--- !u!1001 &114519106
PrefabInstance:
  m_ObjectHideFlags: 0
  serializedVersion: 2
  m_Modification:
    m_TransformParent: {fileID: 424561908}
    m_Modifications:
    - target: {fileID: 559241867749857287, guid: 87c4865a6db0d45488f62d3b2b46205c, type: 3}
      propertyPath: m_Name
      value: (0, 2)
      objectReference: {fileID: 0}
    - target: {fileID: 559241867749857288, guid: 87c4865a6db0d45488f62d3b2b46205c, type: 3}
      propertyPath: m_RootOrder
      value: 6
      objectReference: {fileID: 0}
    - target: {fileID: 559241867749857288, guid: 87c4865a6db0d45488f62d3b2b46205c, type: 3}
      propertyPath: m_LocalPosition.x
      value: 0
      objectReference: {fileID: 0}
    - target: {fileID: 559241867749857288, guid: 87c4865a6db0d45488f62d3b2b46205c, type: 3}
      propertyPath: m_LocalPosition.y
      value: 0
      objectReference: {fileID: 0}
    - target: {fileID: 559241867749857288, guid: 87c4865a6db0d45488f62d3b2b46205c, type: 3}
      propertyPath: m_LocalPosition.z
      value: 20
      objectReference: {fileID: 0}
    - target: {fileID: 559241867749857288, guid: 87c4865a6db0d45488f62d3b2b46205c, type: 3}
      propertyPath: m_LocalRotation.w
      value: 1
      objectReference: {fileID: 0}
    - target: {fileID: 559241867749857288, guid: 87c4865a6db0d45488f62d3b2b46205c, type: 3}
      propertyPath: m_LocalRotation.x
      value: -0
      objectReference: {fileID: 0}
    - target: {fileID: 559241867749857288, guid: 87c4865a6db0d45488f62d3b2b46205c, type: 3}
      propertyPath: m_LocalRotation.y
      value: -0
      objectReference: {fileID: 0}
    - target: {fileID: 559241867749857288, guid: 87c4865a6db0d45488f62d3b2b46205c, type: 3}
      propertyPath: m_LocalRotation.z
      value: -0
      objectReference: {fileID: 0}
    - target: {fileID: 559241867749857288, guid: 87c4865a6db0d45488f62d3b2b46205c, type: 3}
      propertyPath: m_LocalEulerAnglesHint.x
      value: 0
      objectReference: {fileID: 0}
    - target: {fileID: 559241867749857288, guid: 87c4865a6db0d45488f62d3b2b46205c, type: 3}
      propertyPath: m_LocalEulerAnglesHint.y
      value: 0
      objectReference: {fileID: 0}
    - target: {fileID: 559241867749857288, guid: 87c4865a6db0d45488f62d3b2b46205c, type: 3}
      propertyPath: m_LocalEulerAnglesHint.z
      value: 0
      objectReference: {fileID: 0}
    - target: {fileID: 5362738642376432093, guid: 87c4865a6db0d45488f62d3b2b46205c, type: 3}
      propertyPath: m_Name
      value: Text (TMP)
      objectReference: {fileID: 0}
    m_RemovedComponents: []
  m_SourcePrefab: {fileID: 100100000, guid: 87c4865a6db0d45488f62d3b2b46205c, type: 3}
--- !u!4 &118955718 stripped
Transform:
  m_CorrespondingSourceObject: {fileID: 5077337302376479182, guid: 09e219542f782dc43ae3036553affcc9, type: 3}
  m_PrefabInstance: {fileID: 325383148}
  m_PrefabAsset: {fileID: 0}
--- !u!1001 &150388819
PrefabInstance:
  m_ObjectHideFlags: 0
  serializedVersion: 2
  m_Modification:
    m_TransformParent: {fileID: 424561908}
    m_Modifications:
    - target: {fileID: 559241867749857287, guid: 87c4865a6db0d45488f62d3b2b46205c, type: 3}
      propertyPath: m_Name
      value: (4, 0)
      objectReference: {fileID: 0}
    - target: {fileID: 559241867749857288, guid: 87c4865a6db0d45488f62d3b2b46205c, type: 3}
      propertyPath: m_RootOrder
      value: 10
      objectReference: {fileID: 0}
    - target: {fileID: 559241867749857288, guid: 87c4865a6db0d45488f62d3b2b46205c, type: 3}
      propertyPath: m_LocalPosition.x
      value: 40
      objectReference: {fileID: 0}
    - target: {fileID: 559241867749857288, guid: 87c4865a6db0d45488f62d3b2b46205c, type: 3}
      propertyPath: m_LocalPosition.y
      value: 0
      objectReference: {fileID: 0}
    - target: {fileID: 559241867749857288, guid: 87c4865a6db0d45488f62d3b2b46205c, type: 3}
      propertyPath: m_LocalPosition.z
      value: 0
      objectReference: {fileID: 0}
    - target: {fileID: 559241867749857288, guid: 87c4865a6db0d45488f62d3b2b46205c, type: 3}
      propertyPath: m_LocalRotation.w
      value: 1
      objectReference: {fileID: 0}
    - target: {fileID: 559241867749857288, guid: 87c4865a6db0d45488f62d3b2b46205c, type: 3}
      propertyPath: m_LocalRotation.x
      value: -0
      objectReference: {fileID: 0}
    - target: {fileID: 559241867749857288, guid: 87c4865a6db0d45488f62d3b2b46205c, type: 3}
      propertyPath: m_LocalRotation.y
      value: -0
      objectReference: {fileID: 0}
    - target: {fileID: 559241867749857288, guid: 87c4865a6db0d45488f62d3b2b46205c, type: 3}
      propertyPath: m_LocalRotation.z
      value: -0
      objectReference: {fileID: 0}
    - target: {fileID: 559241867749857288, guid: 87c4865a6db0d45488f62d3b2b46205c, type: 3}
      propertyPath: m_LocalEulerAnglesHint.x
      value: 0
      objectReference: {fileID: 0}
    - target: {fileID: 559241867749857288, guid: 87c4865a6db0d45488f62d3b2b46205c, type: 3}
      propertyPath: m_LocalEulerAnglesHint.y
      value: 0
      objectReference: {fileID: 0}
    - target: {fileID: 559241867749857288, guid: 87c4865a6db0d45488f62d3b2b46205c, type: 3}
      propertyPath: m_LocalEulerAnglesHint.z
      value: 0
      objectReference: {fileID: 0}
    - target: {fileID: 5362738642376432093, guid: 87c4865a6db0d45488f62d3b2b46205c, type: 3}
      propertyPath: m_Name
      value: Text (TMP)
      objectReference: {fileID: 0}
    m_RemovedComponents: []
  m_SourcePrefab: {fileID: 100100000, guid: 87c4865a6db0d45488f62d3b2b46205c, type: 3}
--- !u!1001 &261699450
PrefabInstance:
  m_ObjectHideFlags: 0
  serializedVersion: 2
  m_Modification:
    m_TransformParent: {fileID: 875433944}
    m_Modifications:
    - target: {fileID: 5077337302376479169, guid: 09e219542f782dc43ae3036553affcc9, type: 3}
      propertyPath: m_Name
      value: (2, 3)
      objectReference: {fileID: 0}
    - target: {fileID: 5077337302376479169, guid: 09e219542f782dc43ae3036553affcc9, type: 3}
      propertyPath: m_TagString
      value: Untagged
      objectReference: {fileID: 0}
    - target: {fileID: 5077337302376479182, guid: 09e219542f782dc43ae3036553affcc9, type: 3}
      propertyPath: m_RootOrder
      value: 4
      objectReference: {fileID: 0}
    - target: {fileID: 5077337302376479182, guid: 09e219542f782dc43ae3036553affcc9, type: 3}
      propertyPath: m_LocalPosition.x
      value: 20
      objectReference: {fileID: 0}
    - target: {fileID: 5077337302376479182, guid: 09e219542f782dc43ae3036553affcc9, type: 3}
      propertyPath: m_LocalPosition.y
      value: 0
      objectReference: {fileID: 0}
    - target: {fileID: 5077337302376479182, guid: 09e219542f782dc43ae3036553affcc9, type: 3}
      propertyPath: m_LocalPosition.z
      value: 30
      objectReference: {fileID: 0}
    - target: {fileID: 5077337302376479182, guid: 09e219542f782dc43ae3036553affcc9, type: 3}
      propertyPath: m_LocalRotation.w
      value: 1
      objectReference: {fileID: 0}
    - target: {fileID: 5077337302376479182, guid: 09e219542f782dc43ae3036553affcc9, type: 3}
      propertyPath: m_LocalRotation.x
      value: -0
      objectReference: {fileID: 0}
    - target: {fileID: 5077337302376479182, guid: 09e219542f782dc43ae3036553affcc9, type: 3}
      propertyPath: m_LocalRotation.y
      value: -0
      objectReference: {fileID: 0}
    - target: {fileID: 5077337302376479182, guid: 09e219542f782dc43ae3036553affcc9, type: 3}
      propertyPath: m_LocalRotation.z
      value: -0
      objectReference: {fileID: 0}
    - target: {fileID: 5077337302376479182, guid: 09e219542f782dc43ae3036553affcc9, type: 3}
      propertyPath: m_LocalEulerAnglesHint.x
      value: 0
      objectReference: {fileID: 0}
    - target: {fileID: 5077337302376479182, guid: 09e219542f782dc43ae3036553affcc9, type: 3}
      propertyPath: m_LocalEulerAnglesHint.y
      value: 0
      objectReference: {fileID: 0}
    - target: {fileID: 5077337302376479182, guid: 09e219542f782dc43ae3036553affcc9, type: 3}
      propertyPath: m_LocalEulerAnglesHint.z
      value: 0
      objectReference: {fileID: 0}
    m_RemovedComponents: []
  m_SourcePrefab: {fileID: 100100000, guid: 09e219542f782dc43ae3036553affcc9, type: 3}
--- !u!1001 &290312674
PrefabInstance:
  m_ObjectHideFlags: 0
  serializedVersion: 2
  m_Modification:
    m_TransformParent: {fileID: 424561908}
    m_Modifications:
    - target: {fileID: 559241867749857287, guid: 87c4865a6db0d45488f62d3b2b46205c, type: 3}
      propertyPath: m_Name
      value: (0, 4)
      objectReference: {fileID: 0}
    - target: {fileID: 559241867749857288, guid: 87c4865a6db0d45488f62d3b2b46205c, type: 3}
      propertyPath: m_RootOrder
      value: 14
      objectReference: {fileID: 0}
    - target: {fileID: 559241867749857288, guid: 87c4865a6db0d45488f62d3b2b46205c, type: 3}
      propertyPath: m_LocalPosition.x
      value: 0
      objectReference: {fileID: 0}
    - target: {fileID: 559241867749857288, guid: 87c4865a6db0d45488f62d3b2b46205c, type: 3}
      propertyPath: m_LocalPosition.y
      value: 0
      objectReference: {fileID: 0}
    - target: {fileID: 559241867749857288, guid: 87c4865a6db0d45488f62d3b2b46205c, type: 3}
      propertyPath: m_LocalPosition.z
      value: 40
      objectReference: {fileID: 0}
    - target: {fileID: 559241867749857288, guid: 87c4865a6db0d45488f62d3b2b46205c, type: 3}
      propertyPath: m_LocalRotation.w
      value: 1
      objectReference: {fileID: 0}
    - target: {fileID: 559241867749857288, guid: 87c4865a6db0d45488f62d3b2b46205c, type: 3}
      propertyPath: m_LocalRotation.x
      value: -0
      objectReference: {fileID: 0}
    - target: {fileID: 559241867749857288, guid: 87c4865a6db0d45488f62d3b2b46205c, type: 3}
      propertyPath: m_LocalRotation.y
      value: -0
      objectReference: {fileID: 0}
    - target: {fileID: 559241867749857288, guid: 87c4865a6db0d45488f62d3b2b46205c, type: 3}
      propertyPath: m_LocalRotation.z
      value: -0
      objectReference: {fileID: 0}
    - target: {fileID: 559241867749857288, guid: 87c4865a6db0d45488f62d3b2b46205c, type: 3}
      propertyPath: m_LocalEulerAnglesHint.x
      value: 0
      objectReference: {fileID: 0}
    - target: {fileID: 559241867749857288, guid: 87c4865a6db0d45488f62d3b2b46205c, type: 3}
      propertyPath: m_LocalEulerAnglesHint.y
      value: 0
      objectReference: {fileID: 0}
    - target: {fileID: 559241867749857288, guid: 87c4865a6db0d45488f62d3b2b46205c, type: 3}
      propertyPath: m_LocalEulerAnglesHint.z
      value: 0
      objectReference: {fileID: 0}
    - target: {fileID: 5362738642376432093, guid: 87c4865a6db0d45488f62d3b2b46205c, type: 3}
      propertyPath: m_Name
      value: Text (TMP)
      objectReference: {fileID: 0}
    m_RemovedComponents: []
  m_SourcePrefab: {fileID: 100100000, guid: 87c4865a6db0d45488f62d3b2b46205c, type: 3}
--- !u!4 &319752909 stripped
Transform:
  m_CorrespondingSourceObject: {fileID: 802736391197745680, guid: 1031dc19418c8064bbef4f288232477c, type: 3}
  m_PrefabInstance: {fileID: 1724350640}
  m_PrefabAsset: {fileID: 0}
--- !u!4 &321279852 stripped
Transform:
  m_CorrespondingSourceObject: {fileID: 7145377355204859939, guid: acef8620e47417840bfdc660028eeb94, type: 3}
  m_PrefabInstance: {fileID: 955442091}
  m_PrefabAsset: {fileID: 0}
--- !u!1001 &325383148
PrefabInstance:
  m_ObjectHideFlags: 0
  serializedVersion: 2
  m_Modification:
    m_TransformParent: {fileID: 875433944}
    m_Modifications:
    - target: {fileID: 5077337302376479169, guid: 09e219542f782dc43ae3036553affcc9, type: 3}
      propertyPath: m_Name
      value: (4, 1)
      objectReference: {fileID: 0}
    - target: {fileID: 5077337302376479169, guid: 09e219542f782dc43ae3036553affcc9, type: 3}
      propertyPath: m_TagString
      value: Untagged
      objectReference: {fileID: 0}
    - target: {fileID: 5077337302376479182, guid: 09e219542f782dc43ae3036553affcc9, type: 3}
      propertyPath: m_RootOrder
      value: 8
      objectReference: {fileID: 0}
    - target: {fileID: 5077337302376479182, guid: 09e219542f782dc43ae3036553affcc9, type: 3}
      propertyPath: m_LocalPosition.x
      value: 40
      objectReference: {fileID: 0}
    - target: {fileID: 5077337302376479182, guid: 09e219542f782dc43ae3036553affcc9, type: 3}
      propertyPath: m_LocalPosition.y
      value: 0
      objectReference: {fileID: 0}
    - target: {fileID: 5077337302376479182, guid: 09e219542f782dc43ae3036553affcc9, type: 3}
      propertyPath: m_LocalPosition.z
      value: 10
      objectReference: {fileID: 0}
    - target: {fileID: 5077337302376479182, guid: 09e219542f782dc43ae3036553affcc9, type: 3}
      propertyPath: m_LocalRotation.w
      value: 1
      objectReference: {fileID: 0}
    - target: {fileID: 5077337302376479182, guid: 09e219542f782dc43ae3036553affcc9, type: 3}
      propertyPath: m_LocalRotation.x
      value: -0
      objectReference: {fileID: 0}
    - target: {fileID: 5077337302376479182, guid: 09e219542f782dc43ae3036553affcc9, type: 3}
      propertyPath: m_LocalRotation.y
      value: -0
      objectReference: {fileID: 0}
    - target: {fileID: 5077337302376479182, guid: 09e219542f782dc43ae3036553affcc9, type: 3}
      propertyPath: m_LocalRotation.z
      value: -0
      objectReference: {fileID: 0}
    - target: {fileID: 5077337302376479182, guid: 09e219542f782dc43ae3036553affcc9, type: 3}
      propertyPath: m_LocalEulerAnglesHint.x
      value: 0
      objectReference: {fileID: 0}
    - target: {fileID: 5077337302376479182, guid: 09e219542f782dc43ae3036553affcc9, type: 3}
      propertyPath: m_LocalEulerAnglesHint.y
      value: 0
      objectReference: {fileID: 0}
    - target: {fileID: 5077337302376479182, guid: 09e219542f782dc43ae3036553affcc9, type: 3}
      propertyPath: m_LocalEulerAnglesHint.z
      value: 0
      objectReference: {fileID: 0}
    m_RemovedComponents: []
  m_SourcePrefab: {fileID: 100100000, guid: 09e219542f782dc43ae3036553affcc9, type: 3}
--- !u!1001 &348410096
PrefabInstance:
  m_ObjectHideFlags: 0
  serializedVersion: 2
  m_Modification:
    m_TransformParent: {fileID: 424561908}
    m_Modifications:
    - target: {fileID: 559241867749857287, guid: 87c4865a6db0d45488f62d3b2b46205c, type: 3}
      propertyPath: m_Name
      value: (1, 0)
      objectReference: {fileID: 0}
    - target: {fileID: 559241867749857288, guid: 87c4865a6db0d45488f62d3b2b46205c, type: 3}
      propertyPath: m_RootOrder
      value: 1
      objectReference: {fileID: 0}
    - target: {fileID: 559241867749857288, guid: 87c4865a6db0d45488f62d3b2b46205c, type: 3}
      propertyPath: m_LocalPosition.x
      value: 10
      objectReference: {fileID: 0}
    - target: {fileID: 559241867749857288, guid: 87c4865a6db0d45488f62d3b2b46205c, type: 3}
      propertyPath: m_LocalPosition.y
      value: 0
      objectReference: {fileID: 0}
    - target: {fileID: 559241867749857288, guid: 87c4865a6db0d45488f62d3b2b46205c, type: 3}
      propertyPath: m_LocalPosition.z
      value: 0
      objectReference: {fileID: 0}
    - target: {fileID: 559241867749857288, guid: 87c4865a6db0d45488f62d3b2b46205c, type: 3}
      propertyPath: m_LocalRotation.w
      value: 1
      objectReference: {fileID: 0}
    - target: {fileID: 559241867749857288, guid: 87c4865a6db0d45488f62d3b2b46205c, type: 3}
      propertyPath: m_LocalRotation.x
      value: -0
      objectReference: {fileID: 0}
    - target: {fileID: 559241867749857288, guid: 87c4865a6db0d45488f62d3b2b46205c, type: 3}
      propertyPath: m_LocalRotation.y
      value: -0
      objectReference: {fileID: 0}
    - target: {fileID: 559241867749857288, guid: 87c4865a6db0d45488f62d3b2b46205c, type: 3}
      propertyPath: m_LocalRotation.z
      value: -0
      objectReference: {fileID: 0}
    - target: {fileID: 559241867749857288, guid: 87c4865a6db0d45488f62d3b2b46205c, type: 3}
      propertyPath: m_LocalEulerAnglesHint.x
      value: 0
      objectReference: {fileID: 0}
    - target: {fileID: 559241867749857288, guid: 87c4865a6db0d45488f62d3b2b46205c, type: 3}
      propertyPath: m_LocalEulerAnglesHint.y
      value: 0
      objectReference: {fileID: 0}
    - target: {fileID: 559241867749857288, guid: 87c4865a6db0d45488f62d3b2b46205c, type: 3}
      propertyPath: m_LocalEulerAnglesHint.z
      value: 0
      objectReference: {fileID: 0}
    - target: {fileID: 5362738642376432093, guid: 87c4865a6db0d45488f62d3b2b46205c, type: 3}
      propertyPath: m_Name
      value: Text (TMP)
      objectReference: {fileID: 0}
    m_RemovedComponents: []
  m_SourcePrefab: {fileID: 100100000, guid: 87c4865a6db0d45488f62d3b2b46205c, type: 3}
--- !u!4 &420107523 stripped
Transform:
  m_CorrespondingSourceObject: {fileID: 559241867749857288, guid: 87c4865a6db0d45488f62d3b2b46205c, type: 3}
  m_PrefabInstance: {fileID: 559241868481829296}
  m_PrefabAsset: {fileID: 0}
--- !u!1 &424561907
GameObject:
  m_ObjectHideFlags: 0
  m_CorrespondingSourceObject: {fileID: 0}
  m_PrefabInstance: {fileID: 0}
  m_PrefabAsset: {fileID: 0}
  serializedVersion: 6
  m_Component:
  - component: {fileID: 424561908}
  m_Layer: 0
  m_Name: WorldTiles
  m_TagString: Untagged
  m_Icon: {fileID: 0}
  m_NavMeshLayer: 0
  m_StaticEditorFlags: 0
  m_IsActive: 1
--- !u!4 &424561908
Transform:
  m_ObjectHideFlags: 0
  m_CorrespondingSourceObject: {fileID: 0}
  m_PrefabInstance: {fileID: 0}
  m_PrefabAsset: {fileID: 0}
  m_GameObject: {fileID: 424561907}
  m_LocalRotation: {x: 0, y: 0, z: 0, w: 1}
  m_LocalPosition: {x: 0, y: 0, z: 0}
  m_LocalScale: {x: 1, y: 1, z: 1}
  m_Children:
  - {fileID: 420107523}
  - {fileID: 745731938}
  - {fileID: 730071879}
  - {fileID: 713226245}
  - {fileID: 973007211}
  - {fileID: 1939511901}
  - {fileID: 88584170}
  - {fileID: 1138388227}
  - {fileID: 2069367247}
  - {fileID: 1040913741}
  - {fileID: 1495138478}
  - {fileID: 883420186}
  - {fileID: 2040745813}
  - {fileID: 925238213}
  - {fileID: 1864997511}
  - {fileID: 944753587}
  m_Father: {fileID: 1268061095}
  m_RootOrder: 1
  m_LocalEulerAnglesHint: {x: 0, y: 0, z: 0}
--- !u!1 &449921477
GameObject:
  m_ObjectHideFlags: 0
  m_CorrespondingSourceObject: {fileID: 0}
  m_PrefabInstance: {fileID: 0}
  m_PrefabAsset: {fileID: 0}
  serializedVersion: 6
  m_Component:
  - component: {fileID: 449921479}
  - component: {fileID: 449921478}
  m_Layer: 0
  m_Name: ObjectPool
  m_TagString: Untagged
  m_Icon: {fileID: 0}
  m_NavMeshLayer: 0
  m_StaticEditorFlags: 0
  m_IsActive: 1
--- !u!114 &449921478
MonoBehaviour:
  m_ObjectHideFlags: 0
  m_CorrespondingSourceObject: {fileID: 0}
  m_PrefabInstance: {fileID: 0}
  m_PrefabAsset: {fileID: 0}
  m_GameObject: {fileID: 449921477}
  m_Enabled: 1
  m_EditorHideFlags: 0
  m_Script: {fileID: 11500000, guid: d18b755d55f123f48932fe66682e1a90, type: 3}
  m_Name: 
  m_EditorClassIdentifier: 
  enemyPrefab: {fileID: 5040643765344069697, guid: b940df629b09f434dbb9fd487257db6c, type: 3}
  poolSize: 10
  spawnTimer: 1
--- !u!4 &449921479
Transform:
  m_ObjectHideFlags: 0
  m_CorrespondingSourceObject: {fileID: 0}
  m_PrefabInstance: {fileID: 0}
  m_PrefabAsset: {fileID: 0}
  m_GameObject: {fileID: 449921477}
  m_LocalRotation: {x: 0, y: 0, z: 0, w: 1}
  m_LocalPosition: {x: 0, y: 0, z: 0}
  m_LocalScale: {x: 1, y: 1, z: 1}
  m_Children: []
  m_Father: {fileID: 0}
  m_RootOrder: 3
  m_LocalEulerAnglesHint: {x: 0, y: 0, z: 0}
--- !u!1001 &534837880
PrefabInstance:
  m_ObjectHideFlags: 0
  serializedVersion: 2
  m_Modification:
    m_TransformParent: {fileID: 424561908}
    m_Modifications:
    - target: {fileID: 559241867749857287, guid: 87c4865a6db0d45488f62d3b2b46205c, type: 3}
      propertyPath: m_Name
      value: (1, 4)
      objectReference: {fileID: 0}
    - target: {fileID: 559241867749857288, guid: 87c4865a6db0d45488f62d3b2b46205c, type: 3}
      propertyPath: m_RootOrder
      value: 11
      objectReference: {fileID: 0}
    - target: {fileID: 559241867749857288, guid: 87c4865a6db0d45488f62d3b2b46205c, type: 3}
      propertyPath: m_LocalPosition.x
      value: 10
      objectReference: {fileID: 0}
    - target: {fileID: 559241867749857288, guid: 87c4865a6db0d45488f62d3b2b46205c, type: 3}
      propertyPath: m_LocalPosition.y
      value: 0
      objectReference: {fileID: 0}
    - target: {fileID: 559241867749857288, guid: 87c4865a6db0d45488f62d3b2b46205c, type: 3}
      propertyPath: m_LocalPosition.z
      value: 40
      objectReference: {fileID: 0}
    - target: {fileID: 559241867749857288, guid: 87c4865a6db0d45488f62d3b2b46205c, type: 3}
      propertyPath: m_LocalRotation.w
      value: 1
      objectReference: {fileID: 0}
    - target: {fileID: 559241867749857288, guid: 87c4865a6db0d45488f62d3b2b46205c, type: 3}
      propertyPath: m_LocalRotation.x
      value: -0
      objectReference: {fileID: 0}
    - target: {fileID: 559241867749857288, guid: 87c4865a6db0d45488f62d3b2b46205c, type: 3}
      propertyPath: m_LocalRotation.y
      value: -0
      objectReference: {fileID: 0}
    - target: {fileID: 559241867749857288, guid: 87c4865a6db0d45488f62d3b2b46205c, type: 3}
      propertyPath: m_LocalRotation.z
      value: -0
      objectReference: {fileID: 0}
    - target: {fileID: 559241867749857288, guid: 87c4865a6db0d45488f62d3b2b46205c, type: 3}
      propertyPath: m_LocalEulerAnglesHint.x
      value: 0
      objectReference: {fileID: 0}
    - target: {fileID: 559241867749857288, guid: 87c4865a6db0d45488f62d3b2b46205c, type: 3}
      propertyPath: m_LocalEulerAnglesHint.y
      value: 0
      objectReference: {fileID: 0}
    - target: {fileID: 559241867749857288, guid: 87c4865a6db0d45488f62d3b2b46205c, type: 3}
      propertyPath: m_LocalEulerAnglesHint.z
      value: 0
      objectReference: {fileID: 0}
    - target: {fileID: 5362738642376432093, guid: 87c4865a6db0d45488f62d3b2b46205c, type: 3}
      propertyPath: m_Name
      value: Text (TMP)
      objectReference: {fileID: 0}
    m_RemovedComponents: []
  m_SourcePrefab: {fileID: 100100000, guid: 87c4865a6db0d45488f62d3b2b46205c, type: 3}
--- !u!1001 &546942112
PrefabInstance:
  m_ObjectHideFlags: 0
  serializedVersion: 2
  m_Modification:
    m_TransformParent: {fileID: 424561908}
    m_Modifications:
    - target: {fileID: 559241867749857287, guid: 87c4865a6db0d45488f62d3b2b46205c, type: 3}
      propertyPath: m_Name
      value: (4, 2)
      objectReference: {fileID: 0}
    - target: {fileID: 559241867749857288, guid: 87c4865a6db0d45488f62d3b2b46205c, type: 3}
      propertyPath: m_RootOrder
      value: 8
      objectReference: {fileID: 0}
    - target: {fileID: 559241867749857288, guid: 87c4865a6db0d45488f62d3b2b46205c, type: 3}
      propertyPath: m_LocalPosition.x
      value: 40
      objectReference: {fileID: 0}
    - target: {fileID: 559241867749857288, guid: 87c4865a6db0d45488f62d3b2b46205c, type: 3}
      propertyPath: m_LocalPosition.y
      value: 0
      objectReference: {fileID: 0}
    - target: {fileID: 559241867749857288, guid: 87c4865a6db0d45488f62d3b2b46205c, type: 3}
      propertyPath: m_LocalPosition.z
      value: 20
      objectReference: {fileID: 0}
    - target: {fileID: 559241867749857288, guid: 87c4865a6db0d45488f62d3b2b46205c, type: 3}
      propertyPath: m_LocalRotation.w
      value: 1
      objectReference: {fileID: 0}
    - target: {fileID: 559241867749857288, guid: 87c4865a6db0d45488f62d3b2b46205c, type: 3}
      propertyPath: m_LocalRotation.x
      value: -0
      objectReference: {fileID: 0}
    - target: {fileID: 559241867749857288, guid: 87c4865a6db0d45488f62d3b2b46205c, type: 3}
      propertyPath: m_LocalRotation.y
      value: -0
      objectReference: {fileID: 0}
    - target: {fileID: 559241867749857288, guid: 87c4865a6db0d45488f62d3b2b46205c, type: 3}
      propertyPath: m_LocalRotation.z
      value: -0
      objectReference: {fileID: 0}
    - target: {fileID: 559241867749857288, guid: 87c4865a6db0d45488f62d3b2b46205c, type: 3}
      propertyPath: m_LocalEulerAnglesHint.x
      value: 0
      objectReference: {fileID: 0}
    - target: {fileID: 559241867749857288, guid: 87c4865a6db0d45488f62d3b2b46205c, type: 3}
      propertyPath: m_LocalEulerAnglesHint.y
      value: 0
      objectReference: {fileID: 0}
    - target: {fileID: 559241867749857288, guid: 87c4865a6db0d45488f62d3b2b46205c, type: 3}
      propertyPath: m_LocalEulerAnglesHint.z
      value: 0
      objectReference: {fileID: 0}
    - target: {fileID: 5362738642376432093, guid: 87c4865a6db0d45488f62d3b2b46205c, type: 3}
      propertyPath: m_Name
      value: Text (TMP)
      objectReference: {fileID: 0}
    m_RemovedComponents: []
  m_SourcePrefab: {fileID: 100100000, guid: 87c4865a6db0d45488f62d3b2b46205c, type: 3}
--- !u!1001 &610396302
PrefabInstance:
  m_ObjectHideFlags: 0
  serializedVersion: 2
  m_Modification:
    m_TransformParent: {fileID: 875433944}
    m_Modifications:
    - target: {fileID: 7983568485175045031, guid: 28533a169e55b6c4b8de9b2b16efd88e, type: 3}
      propertyPath: m_RootOrder
      value: 3
      objectReference: {fileID: 0}
    - target: {fileID: 7983568485175045031, guid: 28533a169e55b6c4b8de9b2b16efd88e, type: 3}
      propertyPath: m_LocalPosition.x
      value: 10
      objectReference: {fileID: 0}
    - target: {fileID: 7983568485175045031, guid: 28533a169e55b6c4b8de9b2b16efd88e, type: 3}
      propertyPath: m_LocalPosition.y
      value: 0
      objectReference: {fileID: 0}
    - target: {fileID: 7983568485175045031, guid: 28533a169e55b6c4b8de9b2b16efd88e, type: 3}
      propertyPath: m_LocalPosition.z
      value: 30
      objectReference: {fileID: 0}
    - target: {fileID: 7983568485175045031, guid: 28533a169e55b6c4b8de9b2b16efd88e, type: 3}
      propertyPath: m_LocalRotation.w
      value: 1
      objectReference: {fileID: 0}
    - target: {fileID: 7983568485175045031, guid: 28533a169e55b6c4b8de9b2b16efd88e, type: 3}
      propertyPath: m_LocalRotation.x
      value: -0
      objectReference: {fileID: 0}
    - target: {fileID: 7983568485175045031, guid: 28533a169e55b6c4b8de9b2b16efd88e, type: 3}
      propertyPath: m_LocalRotation.y
      value: -0
      objectReference: {fileID: 0}
    - target: {fileID: 7983568485175045031, guid: 28533a169e55b6c4b8de9b2b16efd88e, type: 3}
      propertyPath: m_LocalRotation.z
      value: -0
      objectReference: {fileID: 0}
    - target: {fileID: 7983568485175045031, guid: 28533a169e55b6c4b8de9b2b16efd88e, type: 3}
      propertyPath: m_LocalEulerAnglesHint.x
      value: 0
      objectReference: {fileID: 0}
    - target: {fileID: 7983568485175045031, guid: 28533a169e55b6c4b8de9b2b16efd88e, type: 3}
      propertyPath: m_LocalEulerAnglesHint.y
      value: 0
      objectReference: {fileID: 0}
    - target: {fileID: 7983568485175045031, guid: 28533a169e55b6c4b8de9b2b16efd88e, type: 3}
      propertyPath: m_LocalEulerAnglesHint.z
      value: 0
      objectReference: {fileID: 0}
    - target: {fileID: 7983568485175045032, guid: 28533a169e55b6c4b8de9b2b16efd88e, type: 3}
      propertyPath: m_Name
      value: (1, 3)
      objectReference: {fileID: 0}
    - target: {fileID: 7983568485175045032, guid: 28533a169e55b6c4b8de9b2b16efd88e, type: 3}
      propertyPath: m_TagString
      value: Untagged
      objectReference: {fileID: 0}
    m_RemovedComponents: []
  m_SourcePrefab: {fileID: 100100000, guid: 28533a169e55b6c4b8de9b2b16efd88e, type: 3}
--- !u!1001 &638265751
PrefabInstance:
  m_ObjectHideFlags: 0
  serializedVersion: 2
  m_Modification:
    m_TransformParent: {fileID: 875433944}
    m_Modifications:
    - target: {fileID: 8375004436813243494, guid: f6c4cef93415d444d8d7906e99095a3e, type: 3}
      propertyPath: m_Name
      value: (3, 3)
      objectReference: {fileID: 0}
    - target: {fileID: 8375004436813243494, guid: f6c4cef93415d444d8d7906e99095a3e, type: 3}
      propertyPath: m_TagString
      value: Untagged
      objectReference: {fileID: 0}
    - target: {fileID: 8375004436813243497, guid: f6c4cef93415d444d8d7906e99095a3e, type: 3}
      propertyPath: m_RootOrder
      value: 5
      objectReference: {fileID: 0}
    - target: {fileID: 8375004436813243497, guid: f6c4cef93415d444d8d7906e99095a3e, type: 3}
      propertyPath: m_LocalPosition.x
      value: 30
      objectReference: {fileID: 0}
    - target: {fileID: 8375004436813243497, guid: f6c4cef93415d444d8d7906e99095a3e, type: 3}
      propertyPath: m_LocalPosition.y
      value: 0
      objectReference: {fileID: 0}
    - target: {fileID: 8375004436813243497, guid: f6c4cef93415d444d8d7906e99095a3e, type: 3}
      propertyPath: m_LocalPosition.z
      value: 30
      objectReference: {fileID: 0}
    - target: {fileID: 8375004436813243497, guid: f6c4cef93415d444d8d7906e99095a3e, type: 3}
      propertyPath: m_LocalRotation.w
      value: 1
      objectReference: {fileID: 0}
    - target: {fileID: 8375004436813243497, guid: f6c4cef93415d444d8d7906e99095a3e, type: 3}
      propertyPath: m_LocalRotation.x
      value: -0
      objectReference: {fileID: 0}
    - target: {fileID: 8375004436813243497, guid: f6c4cef93415d444d8d7906e99095a3e, type: 3}
      propertyPath: m_LocalRotation.y
      value: -0
      objectReference: {fileID: 0}
    - target: {fileID: 8375004436813243497, guid: f6c4cef93415d444d8d7906e99095a3e, type: 3}
      propertyPath: m_LocalRotation.z
      value: -0
      objectReference: {fileID: 0}
    - target: {fileID: 8375004436813243497, guid: f6c4cef93415d444d8d7906e99095a3e, type: 3}
      propertyPath: m_LocalEulerAnglesHint.x
      value: 0
      objectReference: {fileID: 0}
    - target: {fileID: 8375004436813243497, guid: f6c4cef93415d444d8d7906e99095a3e, type: 3}
      propertyPath: m_LocalEulerAnglesHint.y
      value: 0
      objectReference: {fileID: 0}
    - target: {fileID: 8375004436813243497, guid: f6c4cef93415d444d8d7906e99095a3e, type: 3}
      propertyPath: m_LocalEulerAnglesHint.z
      value: 0
      objectReference: {fileID: 0}
    m_RemovedComponents: []
  m_SourcePrefab: {fileID: 100100000, guid: f6c4cef93415d444d8d7906e99095a3e, type: 3}
--- !u!4 &653177542 stripped
Transform:
  m_CorrespondingSourceObject: {fileID: 8375004436813243497, guid: f6c4cef93415d444d8d7906e99095a3e, type: 3}
  m_PrefabInstance: {fileID: 638265751}
  m_PrefabAsset: {fileID: 0}
--- !u!1 &705507993
GameObject:
  m_ObjectHideFlags: 0
  m_CorrespondingSourceObject: {fileID: 0}
  m_PrefabInstance: {fileID: 0}
  m_PrefabAsset: {fileID: 0}
  serializedVersion: 6
  m_Component:
  - component: {fileID: 705507995}
  - component: {fileID: 705507994}
  m_Layer: 0
  m_Name: Directional Light
  m_TagString: Untagged
  m_Icon: {fileID: 0}
  m_NavMeshLayer: 0
  m_StaticEditorFlags: 0
  m_IsActive: 1
--- !u!108 &705507994
Light:
  m_ObjectHideFlags: 0
  m_CorrespondingSourceObject: {fileID: 0}
  m_PrefabInstance: {fileID: 0}
  m_PrefabAsset: {fileID: 0}
  m_GameObject: {fileID: 705507993}
  m_Enabled: 1
  serializedVersion: 10
  m_Type: 1
  m_Shape: 0
  m_Color: {r: 1, g: 0.95686275, b: 0.8392157, a: 1}
  m_Intensity: 1
  m_Range: 10
  m_SpotAngle: 30
  m_InnerSpotAngle: 21.80208
  m_CookieSize: 10
  m_Shadows:
    m_Type: 2
    m_Resolution: -1
    m_CustomResolution: -1
    m_Strength: 1
    m_Bias: 0.05
    m_NormalBias: 0.4
    m_NearPlane: 0.2
    m_CullingMatrixOverride:
      e00: 1
      e01: 0
      e02: 0
      e03: 0
      e10: 0
      e11: 1
      e12: 0
      e13: 0
      e20: 0
      e21: 0
      e22: 1
      e23: 0
      e30: 0
      e31: 0
      e32: 0
      e33: 1
    m_UseCullingMatrixOverride: 0
  m_Cookie: {fileID: 0}
  m_DrawHalo: 0
  m_Flare: {fileID: 0}
  m_RenderMode: 0
  m_CullingMask:
    serializedVersion: 2
    m_Bits: 4294967295
  m_RenderingLayerMask: 1
  m_Lightmapping: 1
  m_LightShadowCasterMode: 0
  m_AreaSize: {x: 1, y: 1}
  m_BounceIntensity: 1
  m_ColorTemperature: 6570
  m_UseColorTemperature: 0
  m_BoundingSphereOverride: {x: 0, y: 0, z: 0, w: 0}
  m_UseBoundingSphereOverride: 0
  m_ShadowRadius: 0
  m_ShadowAngle: 0
--- !u!4 &705507995
Transform:
  m_ObjectHideFlags: 0
  m_CorrespondingSourceObject: {fileID: 0}
  m_PrefabInstance: {fileID: 0}
  m_PrefabAsset: {fileID: 0}
  m_GameObject: {fileID: 705507993}
  m_LocalRotation: {x: 0.40821788, y: -0.23456968, z: 0.10938163, w: 0.8754261}
  m_LocalPosition: {x: 0, y: 3, z: 0}
  m_LocalScale: {x: 1, y: 1, z: 1}
  m_Children: []
  m_Father: {fileID: 0}
  m_RootOrder: 1
  m_LocalEulerAnglesHint: {x: 50, y: -30, z: 0}
--- !u!4 &713226245 stripped
Transform:
  m_CorrespondingSourceObject: {fileID: 559241867749857288, guid: 87c4865a6db0d45488f62d3b2b46205c, type: 3}
  m_PrefabInstance: {fileID: 1324780297}
  m_PrefabAsset: {fileID: 0}
--- !u!4 &730071879 stripped
Transform:
  m_CorrespondingSourceObject: {fileID: 559241867749857288, guid: 87c4865a6db0d45488f62d3b2b46205c, type: 3}
  m_PrefabInstance: {fileID: 1804599264}
  m_PrefabAsset: {fileID: 0}
--- !u!4 &745731938 stripped
Transform:
  m_CorrespondingSourceObject: {fileID: 559241867749857288, guid: 87c4865a6db0d45488f62d3b2b46205c, type: 3}
  m_PrefabInstance: {fileID: 348410096}
  m_PrefabAsset: {fileID: 0}
--- !u!1 &875433943
GameObject:
  m_ObjectHideFlags: 0
  m_CorrespondingSourceObject: {fileID: 0}
  m_PrefabInstance: {fileID: 0}
  m_PrefabAsset: {fileID: 0}
  serializedVersion: 6
  m_Component:
  - component: {fileID: 875433944}
  m_Layer: 0
  m_Name: Path
  m_TagString: Path
  m_Icon: {fileID: 0}
  m_NavMeshLayer: 0
  m_StaticEditorFlags: 0
  m_IsActive: 1
--- !u!4 &875433944
Transform:
  m_ObjectHideFlags: 0
  m_CorrespondingSourceObject: {fileID: 0}
  m_PrefabInstance: {fileID: 0}
  m_PrefabAsset: {fileID: 0}
  m_GameObject: {fileID: 875433943}
  m_LocalRotation: {x: 0, y: 0, z: 0, w: 1}
  m_LocalPosition: {x: 0, y: 0, z: 0}
  m_LocalScale: {x: 1, y: 1, z: 1}
  m_Children:
  - {fileID: 1568702158}
  - {fileID: 1969688764}
  - {fileID: 902023195}
  - {fileID: 1616068325}
  - {fileID: 1797283859}
  - {fileID: 653177542}
  - {fileID: 321279852}
  - {fileID: 319752909}
  - {fileID: 118955718}
  m_Father: {fileID: 1268061095}
  m_RootOrder: 0
  m_LocalEulerAnglesHint: {x: 0, y: 0, z: 0}
--- !u!4 &883420186 stripped
Transform:
  m_CorrespondingSourceObject: {fileID: 559241867749857288, guid: 87c4865a6db0d45488f62d3b2b46205c, type: 3}
  m_PrefabInstance: {fileID: 534837880}
  m_PrefabAsset: {fileID: 0}
--- !u!4 &902023195 stripped
Transform:
  m_CorrespondingSourceObject: {fileID: 7145377355204859939, guid: acef8620e47417840bfdc660028eeb94, type: 3}
  m_PrefabInstance: {fileID: 913267829}
  m_PrefabAsset: {fileID: 0}
--- !u!1001 &913267829
PrefabInstance:
  m_ObjectHideFlags: 0
  serializedVersion: 2
  m_Modification:
    m_TransformParent: {fileID: 875433944}
    m_Modifications:
    - target: {fileID: 7145377355204859939, guid: acef8620e47417840bfdc660028eeb94, type: 3}
      propertyPath: m_RootOrder
      value: 2
      objectReference: {fileID: 0}
    - target: {fileID: 7145377355204859939, guid: acef8620e47417840bfdc660028eeb94, type: 3}
      propertyPath: m_LocalPosition.x
      value: 10
      objectReference: {fileID: 0}
    - target: {fileID: 7145377355204859939, guid: acef8620e47417840bfdc660028eeb94, type: 3}
      propertyPath: m_LocalPosition.y
      value: 0
      objectReference: {fileID: 0}
    - target: {fileID: 7145377355204859939, guid: acef8620e47417840bfdc660028eeb94, type: 3}
      propertyPath: m_LocalPosition.z
      value: 20
      objectReference: {fileID: 0}
    - target: {fileID: 7145377355204859939, guid: acef8620e47417840bfdc660028eeb94, type: 3}
      propertyPath: m_LocalRotation.w
      value: 1
      objectReference: {fileID: 0}
    - target: {fileID: 7145377355204859939, guid: acef8620e47417840bfdc660028eeb94, type: 3}
      propertyPath: m_LocalRotation.x
      value: -0
      objectReference: {fileID: 0}
    - target: {fileID: 7145377355204859939, guid: acef8620e47417840bfdc660028eeb94, type: 3}
      propertyPath: m_LocalRotation.y
      value: -0
      objectReference: {fileID: 0}
    - target: {fileID: 7145377355204859939, guid: acef8620e47417840bfdc660028eeb94, type: 3}
      propertyPath: m_LocalRotation.z
      value: -0
      objectReference: {fileID: 0}
    - target: {fileID: 7145377355204859939, guid: acef8620e47417840bfdc660028eeb94, type: 3}
      propertyPath: m_LocalEulerAnglesHint.x
      value: 0
      objectReference: {fileID: 0}
    - target: {fileID: 7145377355204859939, guid: acef8620e47417840bfdc660028eeb94, type: 3}
      propertyPath: m_LocalEulerAnglesHint.y
      value: 0
      objectReference: {fileID: 0}
    - target: {fileID: 7145377355204859939, guid: acef8620e47417840bfdc660028eeb94, type: 3}
      propertyPath: m_LocalEulerAnglesHint.z
      value: 0
      objectReference: {fileID: 0}
    - target: {fileID: 7145377355204859948, guid: acef8620e47417840bfdc660028eeb94, type: 3}
      propertyPath: m_Name
      value: (1, 2)
      objectReference: {fileID: 0}
    - target: {fileID: 7145377355204859948, guid: acef8620e47417840bfdc660028eeb94, type: 3}
      propertyPath: m_TagString
      value: Untagged
      objectReference: {fileID: 0}
    m_RemovedComponents: []
  m_SourcePrefab: {fileID: 100100000, guid: acef8620e47417840bfdc660028eeb94, type: 3}
--- !u!4 &925238213 stripped
Transform:
  m_CorrespondingSourceObject: {fileID: 559241867749857288, guid: 87c4865a6db0d45488f62d3b2b46205c, type: 3}
  m_PrefabInstance: {fileID: 1582025366}
  m_PrefabAsset: {fileID: 0}
--- !u!4 &944753587 stripped
Transform:
  m_CorrespondingSourceObject: {fileID: 559241867749857288, guid: 87c4865a6db0d45488f62d3b2b46205c, type: 3}
  m_PrefabInstance: {fileID: 1897769307}
  m_PrefabAsset: {fileID: 0}
--- !u!1001 &955442091
PrefabInstance:
  m_ObjectHideFlags: 0
  serializedVersion: 2
  m_Modification:
    m_TransformParent: {fileID: 875433944}
    m_Modifications:
    - target: {fileID: 7145377355204859939, guid: acef8620e47417840bfdc660028eeb94, type: 3}
      propertyPath: m_RootOrder
      value: 6
      objectReference: {fileID: 0}
    - target: {fileID: 7145377355204859939, guid: acef8620e47417840bfdc660028eeb94, type: 3}
      propertyPath: m_LocalPosition.x
      value: 30
      objectReference: {fileID: 0}
    - target: {fileID: 7145377355204859939, guid: acef8620e47417840bfdc660028eeb94, type: 3}
      propertyPath: m_LocalPosition.y
      value: 0
      objectReference: {fileID: 0}
    - target: {fileID: 7145377355204859939, guid: acef8620e47417840bfdc660028eeb94, type: 3}
      propertyPath: m_LocalPosition.z
      value: 20
      objectReference: {fileID: 0}
    - target: {fileID: 7145377355204859939, guid: acef8620e47417840bfdc660028eeb94, type: 3}
      propertyPath: m_LocalRotation.w
      value: 1
      objectReference: {fileID: 0}
    - target: {fileID: 7145377355204859939, guid: acef8620e47417840bfdc660028eeb94, type: 3}
      propertyPath: m_LocalRotation.x
      value: -0
      objectReference: {fileID: 0}
    - target: {fileID: 7145377355204859939, guid: acef8620e47417840bfdc660028eeb94, type: 3}
      propertyPath: m_LocalRotation.y
      value: -0
      objectReference: {fileID: 0}
    - target: {fileID: 7145377355204859939, guid: acef8620e47417840bfdc660028eeb94, type: 3}
      propertyPath: m_LocalRotation.z
      value: -0
      objectReference: {fileID: 0}
    - target: {fileID: 7145377355204859939, guid: acef8620e47417840bfdc660028eeb94, type: 3}
      propertyPath: m_LocalEulerAnglesHint.x
      value: 0
      objectReference: {fileID: 0}
    - target: {fileID: 7145377355204859939, guid: acef8620e47417840bfdc660028eeb94, type: 3}
      propertyPath: m_LocalEulerAnglesHint.y
      value: 0
      objectReference: {fileID: 0}
    - target: {fileID: 7145377355204859939, guid: acef8620e47417840bfdc660028eeb94, type: 3}
      propertyPath: m_LocalEulerAnglesHint.z
      value: 0
      objectReference: {fileID: 0}
    - target: {fileID: 7145377355204859948, guid: acef8620e47417840bfdc660028eeb94, type: 3}
      propertyPath: m_Name
      value: (3, 2)
      objectReference: {fileID: 0}
    - target: {fileID: 7145377355204859948, guid: acef8620e47417840bfdc660028eeb94, type: 3}
      propertyPath: m_TagString
      value: Untagged
      objectReference: {fileID: 0}
    m_RemovedComponents: []
  m_SourcePrefab: {fileID: 100100000, guid: acef8620e47417840bfdc660028eeb94, type: 3}
--- !u!1 &963194225
GameObject:
  m_ObjectHideFlags: 0
  m_CorrespondingSourceObject: {fileID: 0}
  m_PrefabInstance: {fileID: 0}
  m_PrefabAsset: {fileID: 0}
  serializedVersion: 6
  m_Component:
  - component: {fileID: 963194228}
  - component: {fileID: 963194227}
  - component: {fileID: 963194226}
  m_Layer: 0
  m_Name: Main Camera
  m_TagString: MainCamera
  m_Icon: {fileID: 0}
  m_NavMeshLayer: 0
  m_StaticEditorFlags: 0
  m_IsActive: 1
--- !u!81 &963194226
AudioListener:
  m_ObjectHideFlags: 0
  m_CorrespondingSourceObject: {fileID: 0}
  m_PrefabInstance: {fileID: 0}
  m_PrefabAsset: {fileID: 0}
  m_GameObject: {fileID: 963194225}
  m_Enabled: 1
--- !u!20 &963194227
Camera:
  m_ObjectHideFlags: 0
  m_CorrespondingSourceObject: {fileID: 0}
  m_PrefabInstance: {fileID: 0}
  m_PrefabAsset: {fileID: 0}
  m_GameObject: {fileID: 963194225}
  m_Enabled: 1
  serializedVersion: 2
  m_ClearFlags: 1
  m_BackGroundColor: {r: 0.19215687, g: 0.3019608, b: 0.4745098, a: 0}
  m_projectionMatrixMode: 1
  m_GateFitMode: 2
  m_FOVAxisMode: 0
  m_SensorSize: {x: 36, y: 24}
  m_LensShift: {x: 0, y: 0}
  m_FocalLength: 50
  m_NormalizedViewPortRect:
    serializedVersion: 2
    x: 0
    y: 0
    width: 1
    height: 1
  near clip plane: 0.3
  far clip plane: 1000
  field of view: 60
  orthographic: 0
  orthographic size: 5
  m_Depth: -1
  m_CullingMask:
    serializedVersion: 2
    m_Bits: 4294967295
  m_RenderingPath: -1
  m_TargetTexture: {fileID: 0}
  m_TargetDisplay: 0
  m_TargetEye: 3
  m_HDR: 1
  m_AllowMSAA: 1
  m_AllowDynamicResolution: 0
  m_ForceIntoRT: 0
  m_OcclusionCulling: 1
  m_StereoConvergence: 10
  m_StereoSeparation: 0.022
--- !u!4 &963194228
Transform:
  m_ObjectHideFlags: 0
  m_CorrespondingSourceObject: {fileID: 0}
  m_PrefabInstance: {fileID: 0}
  m_PrefabAsset: {fileID: 0}
  m_GameObject: {fileID: 963194225}
  m_LocalRotation: {x: 0.35407326, y: -0, z: -0, w: 0.93521774}
  m_LocalPosition: {x: 10, y: 30, z: -20}
  m_LocalScale: {x: 1, y: 1, z: 1}
  m_Children: []
  m_Father: {fileID: 0}
  m_RootOrder: 0
  m_LocalEulerAnglesHint: {x: 41.473, y: 0, z: 0}
--- !u!4 &973007211 stripped
Transform:
  m_CorrespondingSourceObject: {fileID: 559241867749857288, guid: 87c4865a6db0d45488f62d3b2b46205c, type: 3}
  m_PrefabInstance: {fileID: 1392440176}
  m_PrefabAsset: {fileID: 0}
--- !u!1001 &1040786958
PrefabInstance:
  m_ObjectHideFlags: 0
  serializedVersion: 2
  m_Modification:
    m_TransformParent: {fileID: 875433944}
    m_Modifications:
    - target: {fileID: 5077337302376479169, guid: 09e219542f782dc43ae3036553affcc9, type: 3}
      propertyPath: m_Name
      value: (0, 1)
      objectReference: {fileID: 0}
    - target: {fileID: 5077337302376479169, guid: 09e219542f782dc43ae3036553affcc9, type: 3}
      propertyPath: m_TagString
      value: Untagged
      objectReference: {fileID: 0}
    - target: {fileID: 5077337302376479182, guid: 09e219542f782dc43ae3036553affcc9, type: 3}
      propertyPath: m_RootOrder
      value: 0
      objectReference: {fileID: 0}
    - target: {fileID: 5077337302376479182, guid: 09e219542f782dc43ae3036553affcc9, type: 3}
      propertyPath: m_LocalPosition.x
      value: 0
      objectReference: {fileID: 0}
    - target: {fileID: 5077337302376479182, guid: 09e219542f782dc43ae3036553affcc9, type: 3}
      propertyPath: m_LocalPosition.y
      value: 0
      objectReference: {fileID: 0}
    - target: {fileID: 5077337302376479182, guid: 09e219542f782dc43ae3036553affcc9, type: 3}
      propertyPath: m_LocalPosition.z
      value: 10
      objectReference: {fileID: 0}
    - target: {fileID: 5077337302376479182, guid: 09e219542f782dc43ae3036553affcc9, type: 3}
      propertyPath: m_LocalRotation.w
      value: 1
      objectReference: {fileID: 0}
    - target: {fileID: 5077337302376479182, guid: 09e219542f782dc43ae3036553affcc9, type: 3}
      propertyPath: m_LocalRotation.x
      value: -0
      objectReference: {fileID: 0}
    - target: {fileID: 5077337302376479182, guid: 09e219542f782dc43ae3036553affcc9, type: 3}
      propertyPath: m_LocalRotation.y
      value: -0
      objectReference: {fileID: 0}
    - target: {fileID: 5077337302376479182, guid: 09e219542f782dc43ae3036553affcc9, type: 3}
      propertyPath: m_LocalRotation.z
      value: -0
      objectReference: {fileID: 0}
    - target: {fileID: 5077337302376479182, guid: 09e219542f782dc43ae3036553affcc9, type: 3}
      propertyPath: m_LocalEulerAnglesHint.x
      value: 0
      objectReference: {fileID: 0}
    - target: {fileID: 5077337302376479182, guid: 09e219542f782dc43ae3036553affcc9, type: 3}
      propertyPath: m_LocalEulerAnglesHint.y
      value: 0
      objectReference: {fileID: 0}
    - target: {fileID: 5077337302376479182, guid: 09e219542f782dc43ae3036553affcc9, type: 3}
      propertyPath: m_LocalEulerAnglesHint.z
      value: 0
      objectReference: {fileID: 0}
    m_RemovedComponents: []
  m_SourcePrefab: {fileID: 100100000, guid: 09e219542f782dc43ae3036553affcc9, type: 3}
--- !u!4 &1040913741 stripped
Transform:
  m_CorrespondingSourceObject: {fileID: 559241867749857288, guid: 87c4865a6db0d45488f62d3b2b46205c, type: 3}
  m_PrefabInstance: {fileID: 1931611585}
  m_PrefabAsset: {fileID: 0}
--- !u!4 &1138388227 stripped
Transform:
  m_CorrespondingSourceObject: {fileID: 559241867749857288, guid: 87c4865a6db0d45488f62d3b2b46205c, type: 3}
  m_PrefabInstance: {fileID: 2014880606}
  m_PrefabAsset: {fileID: 0}
--- !u!1001 &1180888531
PrefabInstance:
  m_ObjectHideFlags: 0
  serializedVersion: 2
  m_Modification:
    m_TransformParent: {fileID: 424561908}
    m_Modifications:
    - target: {fileID: 559241867749857287, guid: 87c4865a6db0d45488f62d3b2b46205c, type: 3}
      propertyPath: m_Name
      value: (2, 2)
      objectReference: {fileID: 0}
    - target: {fileID: 559241867749857288, guid: 87c4865a6db0d45488f62d3b2b46205c, type: 3}
      propertyPath: m_RootOrder
      value: 5
      objectReference: {fileID: 0}
    - target: {fileID: 559241867749857288, guid: 87c4865a6db0d45488f62d3b2b46205c, type: 3}
      propertyPath: m_LocalPosition.x
      value: 20
      objectReference: {fileID: 0}
    - target: {fileID: 559241867749857288, guid: 87c4865a6db0d45488f62d3b2b46205c, type: 3}
      propertyPath: m_LocalPosition.y
      value: 0
      objectReference: {fileID: 0}
    - target: {fileID: 559241867749857288, guid: 87c4865a6db0d45488f62d3b2b46205c, type: 3}
      propertyPath: m_LocalPosition.z
      value: 20
      objectReference: {fileID: 0}
    - target: {fileID: 559241867749857288, guid: 87c4865a6db0d45488f62d3b2b46205c, type: 3}
      propertyPath: m_LocalRotation.w
      value: 1
      objectReference: {fileID: 0}
    - target: {fileID: 559241867749857288, guid: 87c4865a6db0d45488f62d3b2b46205c, type: 3}
      propertyPath: m_LocalRotation.x
      value: -0
      objectReference: {fileID: 0}
    - target: {fileID: 559241867749857288, guid: 87c4865a6db0d45488f62d3b2b46205c, type: 3}
      propertyPath: m_LocalRotation.y
      value: -0
      objectReference: {fileID: 0}
    - target: {fileID: 559241867749857288, guid: 87c4865a6db0d45488f62d3b2b46205c, type: 3}
      propertyPath: m_LocalRotation.z
      value: -0
      objectReference: {fileID: 0}
    - target: {fileID: 559241867749857288, guid: 87c4865a6db0d45488f62d3b2b46205c, type: 3}
      propertyPath: m_LocalEulerAnglesHint.x
      value: 0
      objectReference: {fileID: 0}
    - target: {fileID: 559241867749857288, guid: 87c4865a6db0d45488f62d3b2b46205c, type: 3}
      propertyPath: m_LocalEulerAnglesHint.y
      value: 0
      objectReference: {fileID: 0}
    - target: {fileID: 559241867749857288, guid: 87c4865a6db0d45488f62d3b2b46205c, type: 3}
      propertyPath: m_LocalEulerAnglesHint.z
      value: 0
      objectReference: {fileID: 0}
    - target: {fileID: 5362738642376432093, guid: 87c4865a6db0d45488f62d3b2b46205c, type: 3}
      propertyPath: m_Name
      value: Text (TMP)
      objectReference: {fileID: 0}
    m_RemovedComponents: []
  m_SourcePrefab: {fileID: 100100000, guid: 87c4865a6db0d45488f62d3b2b46205c, type: 3}
--- !u!1 &1268061094
GameObject:
  m_ObjectHideFlags: 0
  m_CorrespondingSourceObject: {fileID: 0}
  m_PrefabInstance: {fileID: 0}
  m_PrefabAsset: {fileID: 0}
  serializedVersion: 6
  m_Component:
  - component: {fileID: 1268061095}
  m_Layer: 0
  m_Name: Environment
  m_TagString: Untagged
  m_Icon: {fileID: 0}
  m_NavMeshLayer: 0
  m_StaticEditorFlags: 0
  m_IsActive: 1
--- !u!4 &1268061095
Transform:
  m_ObjectHideFlags: 0
  m_CorrespondingSourceObject: {fileID: 0}
  m_PrefabInstance: {fileID: 0}
  m_PrefabAsset: {fileID: 0}
  m_GameObject: {fileID: 1268061094}
  m_LocalRotation: {x: 0, y: 0, z: 0, w: 1}
  m_LocalPosition: {x: 0, y: 0, z: 0}
  m_LocalScale: {x: 1, y: 1, z: 1}
  m_Children:
  - {fileID: 875433944}
  - {fileID: 424561908}
  m_Father: {fileID: 0}
  m_RootOrder: 2
  m_LocalEulerAnglesHint: {x: 0, y: 0, z: 0}
--- !u!1001 &1324780297
PrefabInstance:
  m_ObjectHideFlags: 0
  serializedVersion: 2
  m_Modification:
    m_TransformParent: {fileID: 424561908}
    m_Modifications:
    - target: {fileID: 559241867749857287, guid: 87c4865a6db0d45488f62d3b2b46205c, type: 3}
      propertyPath: m_Name
      value: (3, 0)
      objectReference: {fileID: 0}
    - target: {fileID: 559241867749857288, guid: 87c4865a6db0d45488f62d3b2b46205c, type: 3}
      propertyPath: m_RootOrder
      value: 3
      objectReference: {fileID: 0}
    - target: {fileID: 559241867749857288, guid: 87c4865a6db0d45488f62d3b2b46205c, type: 3}
      propertyPath: m_LocalPosition.x
      value: 30
      objectReference: {fileID: 0}
    - target: {fileID: 559241867749857288, guid: 87c4865a6db0d45488f62d3b2b46205c, type: 3}
      propertyPath: m_LocalPosition.y
      value: 0
      objectReference: {fileID: 0}
    - target: {fileID: 559241867749857288, guid: 87c4865a6db0d45488f62d3b2b46205c, type: 3}
      propertyPath: m_LocalPosition.z
      value: 0
      objectReference: {fileID: 0}
    - target: {fileID: 559241867749857288, guid: 87c4865a6db0d45488f62d3b2b46205c, type: 3}
      propertyPath: m_LocalRotation.w
      value: 1
      objectReference: {fileID: 0}
    - target: {fileID: 559241867749857288, guid: 87c4865a6db0d45488f62d3b2b46205c, type: 3}
      propertyPath: m_LocalRotation.x
      value: -0
      objectReference: {fileID: 0}
    - target: {fileID: 559241867749857288, guid: 87c4865a6db0d45488f62d3b2b46205c, type: 3}
      propertyPath: m_LocalRotation.y
      value: -0
      objectReference: {fileID: 0}
    - target: {fileID: 559241867749857288, guid: 87c4865a6db0d45488f62d3b2b46205c, type: 3}
      propertyPath: m_LocalRotation.z
      value: -0
      objectReference: {fileID: 0}
    - target: {fileID: 559241867749857288, guid: 87c4865a6db0d45488f62d3b2b46205c, type: 3}
      propertyPath: m_LocalEulerAnglesHint.x
      value: 0
      objectReference: {fileID: 0}
    - target: {fileID: 559241867749857288, guid: 87c4865a6db0d45488f62d3b2b46205c, type: 3}
      propertyPath: m_LocalEulerAnglesHint.y
      value: 0
      objectReference: {fileID: 0}
    - target: {fileID: 559241867749857288, guid: 87c4865a6db0d45488f62d3b2b46205c, type: 3}
      propertyPath: m_LocalEulerAnglesHint.z
      value: 0
      objectReference: {fileID: 0}
    - target: {fileID: 5362738642376432093, guid: 87c4865a6db0d45488f62d3b2b46205c, type: 3}
      propertyPath: m_Name
      value: Text (TMP)
      objectReference: {fileID: 0}
    m_RemovedComponents: []
  m_SourcePrefab: {fileID: 100100000, guid: 87c4865a6db0d45488f62d3b2b46205c, type: 3}
--- !u!1001 &1392440176
PrefabInstance:
  m_ObjectHideFlags: 0
  serializedVersion: 2
  m_Modification:
    m_TransformParent: {fileID: 424561908}
    m_Modifications:
    - target: {fileID: 559241867749857287, guid: 87c4865a6db0d45488f62d3b2b46205c, type: 3}
      propertyPath: m_Name
      value: (2, 1)
      objectReference: {fileID: 0}
    - target: {fileID: 559241867749857288, guid: 87c4865a6db0d45488f62d3b2b46205c, type: 3}
      propertyPath: m_RootOrder
      value: 4
      objectReference: {fileID: 0}
    - target: {fileID: 559241867749857288, guid: 87c4865a6db0d45488f62d3b2b46205c, type: 3}
      propertyPath: m_LocalPosition.x
      value: 20
      objectReference: {fileID: 0}
    - target: {fileID: 559241867749857288, guid: 87c4865a6db0d45488f62d3b2b46205c, type: 3}
      propertyPath: m_LocalPosition.y
      value: 0
      objectReference: {fileID: 0}
    - target: {fileID: 559241867749857288, guid: 87c4865a6db0d45488f62d3b2b46205c, type: 3}
      propertyPath: m_LocalPosition.z
      value: 10
      objectReference: {fileID: 0}
    - target: {fileID: 559241867749857288, guid: 87c4865a6db0d45488f62d3b2b46205c, type: 3}
      propertyPath: m_LocalRotation.w
      value: 1
      objectReference: {fileID: 0}
    - target: {fileID: 559241867749857288, guid: 87c4865a6db0d45488f62d3b2b46205c, type: 3}
      propertyPath: m_LocalRotation.x
      value: -0
      objectReference: {fileID: 0}
    - target: {fileID: 559241867749857288, guid: 87c4865a6db0d45488f62d3b2b46205c, type: 3}
      propertyPath: m_LocalRotation.y
      value: -0
      objectReference: {fileID: 0}
    - target: {fileID: 559241867749857288, guid: 87c4865a6db0d45488f62d3b2b46205c, type: 3}
      propertyPath: m_LocalRotation.z
      value: -0
      objectReference: {fileID: 0}
    - target: {fileID: 559241867749857288, guid: 87c4865a6db0d45488f62d3b2b46205c, type: 3}
      propertyPath: m_LocalEulerAnglesHint.x
      value: 0
      objectReference: {fileID: 0}
    - target: {fileID: 559241867749857288, guid: 87c4865a6db0d45488f62d3b2b46205c, type: 3}
      propertyPath: m_LocalEulerAnglesHint.y
      value: 0
      objectReference: {fileID: 0}
    - target: {fileID: 559241867749857288, guid: 87c4865a6db0d45488f62d3b2b46205c, type: 3}
      propertyPath: m_LocalEulerAnglesHint.z
      value: 0
      objectReference: {fileID: 0}
    - target: {fileID: 5362738642376432093, guid: 87c4865a6db0d45488f62d3b2b46205c, type: 3}
      propertyPath: m_Name
      value: Text (TMP)
      objectReference: {fileID: 0}
    m_RemovedComponents: []
  m_SourcePrefab: {fileID: 100100000, guid: 87c4865a6db0d45488f62d3b2b46205c, type: 3}
--- !u!4 &1495138478 stripped
Transform:
  m_CorrespondingSourceObject: {fileID: 559241867749857288, guid: 87c4865a6db0d45488f62d3b2b46205c, type: 3}
  m_PrefabInstance: {fileID: 150388819}
  m_PrefabAsset: {fileID: 0}
--- !u!1001 &1511863376
PrefabInstance:
  m_ObjectHideFlags: 0
  serializedVersion: 2
  m_Modification:
    m_TransformParent: {fileID: 424561908}
    m_Modifications:
    - target: {fileID: 559241867749857287, guid: 87c4865a6db0d45488f62d3b2b46205c, type: 3}
      propertyPath: m_Name
      value: (3, 4)
      objectReference: {fileID: 0}
    - target: {fileID: 559241867749857288, guid: 87c4865a6db0d45488f62d3b2b46205c, type: 3}
      propertyPath: m_RootOrder
      value: 12
      objectReference: {fileID: 0}
    - target: {fileID: 559241867749857288, guid: 87c4865a6db0d45488f62d3b2b46205c, type: 3}
      propertyPath: m_LocalPosition.x
      value: 30
      objectReference: {fileID: 0}
    - target: {fileID: 559241867749857288, guid: 87c4865a6db0d45488f62d3b2b46205c, type: 3}
      propertyPath: m_LocalPosition.y
      value: 0
      objectReference: {fileID: 0}
    - target: {fileID: 559241867749857288, guid: 87c4865a6db0d45488f62d3b2b46205c, type: 3}
      propertyPath: m_LocalPosition.z
      value: 40
      objectReference: {fileID: 0}
    - target: {fileID: 559241867749857288, guid: 87c4865a6db0d45488f62d3b2b46205c, type: 3}
      propertyPath: m_LocalRotation.w
      value: 1
      objectReference: {fileID: 0}
    - target: {fileID: 559241867749857288, guid: 87c4865a6db0d45488f62d3b2b46205c, type: 3}
      propertyPath: m_LocalRotation.x
      value: -0
      objectReference: {fileID: 0}
    - target: {fileID: 559241867749857288, guid: 87c4865a6db0d45488f62d3b2b46205c, type: 3}
      propertyPath: m_LocalRotation.y
      value: -0
      objectReference: {fileID: 0}
    - target: {fileID: 559241867749857288, guid: 87c4865a6db0d45488f62d3b2b46205c, type: 3}
      propertyPath: m_LocalRotation.z
      value: -0
      objectReference: {fileID: 0}
    - target: {fileID: 559241867749857288, guid: 87c4865a6db0d45488f62d3b2b46205c, type: 3}
      propertyPath: m_LocalEulerAnglesHint.x
      value: 0
      objectReference: {fileID: 0}
    - target: {fileID: 559241867749857288, guid: 87c4865a6db0d45488f62d3b2b46205c, type: 3}
      propertyPath: m_LocalEulerAnglesHint.y
      value: 0
      objectReference: {fileID: 0}
    - target: {fileID: 559241867749857288, guid: 87c4865a6db0d45488f62d3b2b46205c, type: 3}
      propertyPath: m_LocalEulerAnglesHint.z
      value: 0
      objectReference: {fileID: 0}
    - target: {fileID: 5362738642376432093, guid: 87c4865a6db0d45488f62d3b2b46205c, type: 3}
      propertyPath: m_Name
      value: Text (TMP)
      objectReference: {fileID: 0}
    m_RemovedComponents: []
  m_SourcePrefab: {fileID: 100100000, guid: 87c4865a6db0d45488f62d3b2b46205c, type: 3}
--- !u!4 &1568702158 stripped
Transform:
  m_CorrespondingSourceObject: {fileID: 5077337302376479182, guid: 09e219542f782dc43ae3036553affcc9, type: 3}
  m_PrefabInstance: {fileID: 1040786958}
  m_PrefabAsset: {fileID: 0}
--- !u!1001 &1582025366
PrefabInstance:
  m_ObjectHideFlags: 0
  serializedVersion: 2
  m_Modification:
    m_TransformParent: {fileID: 424561908}
    m_Modifications:
    - target: {fileID: 559241867749857287, guid: 87c4865a6db0d45488f62d3b2b46205c, type: 3}
      propertyPath: m_Name
      value: (2, 4)
      objectReference: {fileID: 0}
    - target: {fileID: 559241867749857288, guid: 87c4865a6db0d45488f62d3b2b46205c, type: 3}
      propertyPath: m_RootOrder
      value: 13
      objectReference: {fileID: 0}
    - target: {fileID: 559241867749857288, guid: 87c4865a6db0d45488f62d3b2b46205c, type: 3}
      propertyPath: m_LocalPosition.x
      value: 20
      objectReference: {fileID: 0}
    - target: {fileID: 559241867749857288, guid: 87c4865a6db0d45488f62d3b2b46205c, type: 3}
      propertyPath: m_LocalPosition.y
      value: 0
      objectReference: {fileID: 0}
    - target: {fileID: 559241867749857288, guid: 87c4865a6db0d45488f62d3b2b46205c, type: 3}
      propertyPath: m_LocalPosition.z
      value: 40
      objectReference: {fileID: 0}
    - target: {fileID: 559241867749857288, guid: 87c4865a6db0d45488f62d3b2b46205c, type: 3}
      propertyPath: m_LocalRotation.w
      value: 1
      objectReference: {fileID: 0}
    - target: {fileID: 559241867749857288, guid: 87c4865a6db0d45488f62d3b2b46205c, type: 3}
      propertyPath: m_LocalRotation.x
      value: -0
      objectReference: {fileID: 0}
    - target: {fileID: 559241867749857288, guid: 87c4865a6db0d45488f62d3b2b46205c, type: 3}
      propertyPath: m_LocalRotation.y
      value: -0
      objectReference: {fileID: 0}
    - target: {fileID: 559241867749857288, guid: 87c4865a6db0d45488f62d3b2b46205c, type: 3}
      propertyPath: m_LocalRotation.z
      value: -0
      objectReference: {fileID: 0}
    - target: {fileID: 559241867749857288, guid: 87c4865a6db0d45488f62d3b2b46205c, type: 3}
      propertyPath: m_LocalEulerAnglesHint.x
      value: 0
      objectReference: {fileID: 0}
    - target: {fileID: 559241867749857288, guid: 87c4865a6db0d45488f62d3b2b46205c, type: 3}
      propertyPath: m_LocalEulerAnglesHint.y
      value: 0
      objectReference: {fileID: 0}
    - target: {fileID: 559241867749857288, guid: 87c4865a6db0d45488f62d3b2b46205c, type: 3}
      propertyPath: m_LocalEulerAnglesHint.z
      value: 0
      objectReference: {fileID: 0}
    - target: {fileID: 5362738642376432093, guid: 87c4865a6db0d45488f62d3b2b46205c, type: 3}
      propertyPath: m_Name
      value: Text (TMP)
      objectReference: {fileID: 0}
    m_RemovedComponents: []
  m_SourcePrefab: {fileID: 100100000, guid: 87c4865a6db0d45488f62d3b2b46205c, type: 3}
--- !u!4 &1616068325 stripped
Transform:
  m_CorrespondingSourceObject: {fileID: 7983568485175045031, guid: 28533a169e55b6c4b8de9b2b16efd88e, type: 3}
  m_PrefabInstance: {fileID: 610396302}
  m_PrefabAsset: {fileID: 0}
--- !u!1001 &1724350640
PrefabInstance:
  m_ObjectHideFlags: 0
  serializedVersion: 2
  m_Modification:
    m_TransformParent: {fileID: 875433944}
    m_Modifications:
    - target: {fileID: 802736391197745680, guid: 1031dc19418c8064bbef4f288232477c, type: 3}
      propertyPath: m_RootOrder
      value: 7
      objectReference: {fileID: 0}
    - target: {fileID: 802736391197745680, guid: 1031dc19418c8064bbef4f288232477c, type: 3}
      propertyPath: m_LocalPosition.x
      value: 30
      objectReference: {fileID: 0}
    - target: {fileID: 802736391197745680, guid: 1031dc19418c8064bbef4f288232477c, type: 3}
      propertyPath: m_LocalPosition.y
      value: 0
      objectReference: {fileID: 0}
    - target: {fileID: 802736391197745680, guid: 1031dc19418c8064bbef4f288232477c, type: 3}
      propertyPath: m_LocalPosition.z
      value: 10
      objectReference: {fileID: 0}
    - target: {fileID: 802736391197745680, guid: 1031dc19418c8064bbef4f288232477c, type: 3}
      propertyPath: m_LocalRotation.w
      value: 1
      objectReference: {fileID: 0}
    - target: {fileID: 802736391197745680, guid: 1031dc19418c8064bbef4f288232477c, type: 3}
      propertyPath: m_LocalRotation.x
      value: -0
      objectReference: {fileID: 0}
    - target: {fileID: 802736391197745680, guid: 1031dc19418c8064bbef4f288232477c, type: 3}
      propertyPath: m_LocalRotation.y
      value: -0
      objectReference: {fileID: 0}
    - target: {fileID: 802736391197745680, guid: 1031dc19418c8064bbef4f288232477c, type: 3}
      propertyPath: m_LocalRotation.z
      value: -0
      objectReference: {fileID: 0}
    - target: {fileID: 802736391197745680, guid: 1031dc19418c8064bbef4f288232477c, type: 3}
      propertyPath: m_LocalEulerAnglesHint.x
      value: 0
      objectReference: {fileID: 0}
    - target: {fileID: 802736391197745680, guid: 1031dc19418c8064bbef4f288232477c, type: 3}
      propertyPath: m_LocalEulerAnglesHint.y
      value: 0
      objectReference: {fileID: 0}
    - target: {fileID: 802736391197745680, guid: 1031dc19418c8064bbef4f288232477c, type: 3}
      propertyPath: m_LocalEulerAnglesHint.z
      value: 0
      objectReference: {fileID: 0}
    - target: {fileID: 802736391197745695, guid: 1031dc19418c8064bbef4f288232477c, type: 3}
      propertyPath: m_Name
      value: (3, 1)
      objectReference: {fileID: 0}
    - target: {fileID: 802736391197745695, guid: 1031dc19418c8064bbef4f288232477c, type: 3}
      propertyPath: m_TagString
      value: Untagged
      objectReference: {fileID: 0}
    m_RemovedComponents: []
  m_SourcePrefab: {fileID: 100100000, guid: 1031dc19418c8064bbef4f288232477c, type: 3}
--- !u!4 &1797283859 stripped
Transform:
  m_CorrespondingSourceObject: {fileID: 5077337302376479182, guid: 09e219542f782dc43ae3036553affcc9, type: 3}
  m_PrefabInstance: {fileID: 261699450}
  m_PrefabAsset: {fileID: 0}
--- !u!1001 &1804599264
PrefabInstance:
  m_ObjectHideFlags: 0
  serializedVersion: 2
  m_Modification:
    m_TransformParent: {fileID: 424561908}
    m_Modifications:
    - target: {fileID: 559241867749857287, guid: 87c4865a6db0d45488f62d3b2b46205c, type: 3}
      propertyPath: m_Name
      value: (2, 0)
      objectReference: {fileID: 0}
    - target: {fileID: 559241867749857288, guid: 87c4865a6db0d45488f62d3b2b46205c, type: 3}
      propertyPath: m_RootOrder
      value: 2
      objectReference: {fileID: 0}
    - target: {fileID: 559241867749857288, guid: 87c4865a6db0d45488f62d3b2b46205c, type: 3}
      propertyPath: m_LocalPosition.x
      value: 20
      objectReference: {fileID: 0}
    - target: {fileID: 559241867749857288, guid: 87c4865a6db0d45488f62d3b2b46205c, type: 3}
      propertyPath: m_LocalPosition.y
      value: 0
      objectReference: {fileID: 0}
    - target: {fileID: 559241867749857288, guid: 87c4865a6db0d45488f62d3b2b46205c, type: 3}
      propertyPath: m_LocalPosition.z
      value: 0
      objectReference: {fileID: 0}
    - target: {fileID: 559241867749857288, guid: 87c4865a6db0d45488f62d3b2b46205c, type: 3}
      propertyPath: m_LocalRotation.w
      value: 1
      objectReference: {fileID: 0}
    - target: {fileID: 559241867749857288, guid: 87c4865a6db0d45488f62d3b2b46205c, type: 3}
      propertyPath: m_LocalRotation.x
      value: -0
      objectReference: {fileID: 0}
    - target: {fileID: 559241867749857288, guid: 87c4865a6db0d45488f62d3b2b46205c, type: 3}
      propertyPath: m_LocalRotation.y
      value: -0
      objectReference: {fileID: 0}
    - target: {fileID: 559241867749857288, guid: 87c4865a6db0d45488f62d3b2b46205c, type: 3}
      propertyPath: m_LocalRotation.z
      value: -0
      objectReference: {fileID: 0}
    - target: {fileID: 559241867749857288, guid: 87c4865a6db0d45488f62d3b2b46205c, type: 3}
      propertyPath: m_LocalEulerAnglesHint.x
      value: 0
      objectReference: {fileID: 0}
    - target: {fileID: 559241867749857288, guid: 87c4865a6db0d45488f62d3b2b46205c, type: 3}
      propertyPath: m_LocalEulerAnglesHint.y
      value: 0
      objectReference: {fileID: 0}
    - target: {fileID: 559241867749857288, guid: 87c4865a6db0d45488f62d3b2b46205c, type: 3}
      propertyPath: m_LocalEulerAnglesHint.z
      value: 0
      objectReference: {fileID: 0}
    - target: {fileID: 5362738642376432093, guid: 87c4865a6db0d45488f62d3b2b46205c, type: 3}
      propertyPath: m_Name
      value: Text (TMP)
      objectReference: {fileID: 0}
    m_RemovedComponents: []
  m_SourcePrefab: {fileID: 100100000, guid: 87c4865a6db0d45488f62d3b2b46205c, type: 3}
--- !u!4 &1864997511 stripped
Transform:
  m_CorrespondingSourceObject: {fileID: 559241867749857288, guid: 87c4865a6db0d45488f62d3b2b46205c, type: 3}
  m_PrefabInstance: {fileID: 290312674}
  m_PrefabAsset: {fileID: 0}
--- !u!1001 &1897769307
PrefabInstance:
  m_ObjectHideFlags: 0
  serializedVersion: 2
  m_Modification:
    m_TransformParent: {fileID: 424561908}
    m_Modifications:
    - target: {fileID: 559241867749857287, guid: 87c4865a6db0d45488f62d3b2b46205c, type: 3}
      propertyPath: m_Name
      value: (4, 4)
      objectReference: {fileID: 0}
    - target: {fileID: 559241867749857288, guid: 87c4865a6db0d45488f62d3b2b46205c, type: 3}
      propertyPath: m_RootOrder
      value: 15
      objectReference: {fileID: 0}
    - target: {fileID: 559241867749857288, guid: 87c4865a6db0d45488f62d3b2b46205c, type: 3}
      propertyPath: m_LocalPosition.x
      value: 40
      objectReference: {fileID: 0}
    - target: {fileID: 559241867749857288, guid: 87c4865a6db0d45488f62d3b2b46205c, type: 3}
      propertyPath: m_LocalPosition.y
      value: 0
      objectReference: {fileID: 0}
    - target: {fileID: 559241867749857288, guid: 87c4865a6db0d45488f62d3b2b46205c, type: 3}
      propertyPath: m_LocalPosition.z
      value: 40
      objectReference: {fileID: 0}
    - target: {fileID: 559241867749857288, guid: 87c4865a6db0d45488f62d3b2b46205c, type: 3}
      propertyPath: m_LocalRotation.w
      value: 1
      objectReference: {fileID: 0}
    - target: {fileID: 559241867749857288, guid: 87c4865a6db0d45488f62d3b2b46205c, type: 3}
      propertyPath: m_LocalRotation.x
      value: -0
      objectReference: {fileID: 0}
    - target: {fileID: 559241867749857288, guid: 87c4865a6db0d45488f62d3b2b46205c, type: 3}
      propertyPath: m_LocalRotation.y
      value: -0
      objectReference: {fileID: 0}
    - target: {fileID: 559241867749857288, guid: 87c4865a6db0d45488f62d3b2b46205c, type: 3}
      propertyPath: m_LocalRotation.z
      value: -0
      objectReference: {fileID: 0}
    - target: {fileID: 559241867749857288, guid: 87c4865a6db0d45488f62d3b2b46205c, type: 3}
      propertyPath: m_LocalEulerAnglesHint.x
      value: 0
      objectReference: {fileID: 0}
    - target: {fileID: 559241867749857288, guid: 87c4865a6db0d45488f62d3b2b46205c, type: 3}
      propertyPath: m_LocalEulerAnglesHint.y
      value: 0
      objectReference: {fileID: 0}
    - target: {fileID: 559241867749857288, guid: 87c4865a6db0d45488f62d3b2b46205c, type: 3}
      propertyPath: m_LocalEulerAnglesHint.z
      value: 0
      objectReference: {fileID: 0}
    - target: {fileID: 5362738642376432093, guid: 87c4865a6db0d45488f62d3b2b46205c, type: 3}
      propertyPath: m_Name
      value: Text (TMP)
      objectReference: {fileID: 0}
    m_RemovedComponents: []
  m_SourcePrefab: {fileID: 100100000, guid: 87c4865a6db0d45488f62d3b2b46205c, type: 3}
--- !u!1001 &1931611585
PrefabInstance:
  m_ObjectHideFlags: 0
  serializedVersion: 2
  m_Modification:
    m_TransformParent: {fileID: 424561908}
    m_Modifications:
    - target: {fileID: 559241867749857287, guid: 87c4865a6db0d45488f62d3b2b46205c, type: 3}
      propertyPath: m_Name
      value: (4, 3)
      objectReference: {fileID: 0}
    - target: {fileID: 559241867749857288, guid: 87c4865a6db0d45488f62d3b2b46205c, type: 3}
      propertyPath: m_RootOrder
      value: 9
      objectReference: {fileID: 0}
    - target: {fileID: 559241867749857288, guid: 87c4865a6db0d45488f62d3b2b46205c, type: 3}
      propertyPath: m_LocalPosition.x
      value: 40
      objectReference: {fileID: 0}
    - target: {fileID: 559241867749857288, guid: 87c4865a6db0d45488f62d3b2b46205c, type: 3}
      propertyPath: m_LocalPosition.y
      value: 0
      objectReference: {fileID: 0}
    - target: {fileID: 559241867749857288, guid: 87c4865a6db0d45488f62d3b2b46205c, type: 3}
      propertyPath: m_LocalPosition.z
      value: 30
      objectReference: {fileID: 0}
    - target: {fileID: 559241867749857288, guid: 87c4865a6db0d45488f62d3b2b46205c, type: 3}
      propertyPath: m_LocalRotation.w
      value: 1
      objectReference: {fileID: 0}
    - target: {fileID: 559241867749857288, guid: 87c4865a6db0d45488f62d3b2b46205c, type: 3}
      propertyPath: m_LocalRotation.x
      value: -0
      objectReference: {fileID: 0}
    - target: {fileID: 559241867749857288, guid: 87c4865a6db0d45488f62d3b2b46205c, type: 3}
      propertyPath: m_LocalRotation.y
      value: -0
      objectReference: {fileID: 0}
    - target: {fileID: 559241867749857288, guid: 87c4865a6db0d45488f62d3b2b46205c, type: 3}
      propertyPath: m_LocalRotation.z
      value: -0
      objectReference: {fileID: 0}
    - target: {fileID: 559241867749857288, guid: 87c4865a6db0d45488f62d3b2b46205c, type: 3}
      propertyPath: m_LocalEulerAnglesHint.x
      value: 0
      objectReference: {fileID: 0}
    - target: {fileID: 559241867749857288, guid: 87c4865a6db0d45488f62d3b2b46205c, type: 3}
      propertyPath: m_LocalEulerAnglesHint.y
      value: 0
      objectReference: {fileID: 0}
    - target: {fileID: 559241867749857288, guid: 87c4865a6db0d45488f62d3b2b46205c, type: 3}
      propertyPath: m_LocalEulerAnglesHint.z
      value: 0
      objectReference: {fileID: 0}
    - target: {fileID: 5362738642376432093, guid: 87c4865a6db0d45488f62d3b2b46205c, type: 3}
      propertyPath: m_Name
      value: Text (TMP)
      objectReference: {fileID: 0}
    m_RemovedComponents: []
  m_SourcePrefab: {fileID: 100100000, guid: 87c4865a6db0d45488f62d3b2b46205c, type: 3}
--- !u!4 &1939511901 stripped
Transform:
  m_CorrespondingSourceObject: {fileID: 559241867749857288, guid: 87c4865a6db0d45488f62d3b2b46205c, type: 3}
  m_PrefabInstance: {fileID: 1180888531}
  m_PrefabAsset: {fileID: 0}
--- !u!4 &1969688764 stripped
Transform:
  m_CorrespondingSourceObject: {fileID: 6884828327835681, guid: 4bf3d77186e99b84c873cd1bd3f69e55, type: 3}
  m_PrefabInstance: {fileID: 1983902422}
  m_PrefabAsset: {fileID: 0}
--- !u!1001 &1983902422
PrefabInstance:
  m_ObjectHideFlags: 0
  serializedVersion: 2
  m_Modification:
    m_TransformParent: {fileID: 875433944}
    m_Modifications:
    - target: {fileID: 6884828327835681, guid: 4bf3d77186e99b84c873cd1bd3f69e55, type: 3}
      propertyPath: m_RootOrder
      value: 1
      objectReference: {fileID: 0}
    - target: {fileID: 6884828327835681, guid: 4bf3d77186e99b84c873cd1bd3f69e55, type: 3}
      propertyPath: m_LocalPosition.x
      value: 10
      objectReference: {fileID: 0}
    - target: {fileID: 6884828327835681, guid: 4bf3d77186e99b84c873cd1bd3f69e55, type: 3}
      propertyPath: m_LocalPosition.y
      value: 0
      objectReference: {fileID: 0}
    - target: {fileID: 6884828327835681, guid: 4bf3d77186e99b84c873cd1bd3f69e55, type: 3}
      propertyPath: m_LocalPosition.z
      value: 10
      objectReference: {fileID: 0}
    - target: {fileID: 6884828327835681, guid: 4bf3d77186e99b84c873cd1bd3f69e55, type: 3}
      propertyPath: m_LocalRotation.w
      value: 1
      objectReference: {fileID: 0}
    - target: {fileID: 6884828327835681, guid: 4bf3d77186e99b84c873cd1bd3f69e55, type: 3}
      propertyPath: m_LocalRotation.x
      value: -0
      objectReference: {fileID: 0}
    - target: {fileID: 6884828327835681, guid: 4bf3d77186e99b84c873cd1bd3f69e55, type: 3}
      propertyPath: m_LocalRotation.y
      value: -0
      objectReference: {fileID: 0}
    - target: {fileID: 6884828327835681, guid: 4bf3d77186e99b84c873cd1bd3f69e55, type: 3}
      propertyPath: m_LocalRotation.z
      value: -0
      objectReference: {fileID: 0}
    - target: {fileID: 6884828327835681, guid: 4bf3d77186e99b84c873cd1bd3f69e55, type: 3}
      propertyPath: m_LocalEulerAnglesHint.x
      value: 0
      objectReference: {fileID: 0}
    - target: {fileID: 6884828327835681, guid: 4bf3d77186e99b84c873cd1bd3f69e55, type: 3}
      propertyPath: m_LocalEulerAnglesHint.y
      value: 0
      objectReference: {fileID: 0}
    - target: {fileID: 6884828327835681, guid: 4bf3d77186e99b84c873cd1bd3f69e55, type: 3}
      propertyPath: m_LocalEulerAnglesHint.z
      value: 0
      objectReference: {fileID: 0}
    - target: {fileID: 6884828327835694, guid: 4bf3d77186e99b84c873cd1bd3f69e55, type: 3}
      propertyPath: m_Name
      value: (1, 1)
      objectReference: {fileID: 0}
    - target: {fileID: 6884828327835694, guid: 4bf3d77186e99b84c873cd1bd3f69e55, type: 3}
      propertyPath: m_TagString
      value: Untagged
      objectReference: {fileID: 0}
    m_RemovedComponents: []
  m_SourcePrefab: {fileID: 100100000, guid: 4bf3d77186e99b84c873cd1bd3f69e55, type: 3}
--- !u!1001 &2014880606
PrefabInstance:
  m_ObjectHideFlags: 0
  serializedVersion: 2
  m_Modification:
    m_TransformParent: {fileID: 424561908}
    m_Modifications:
    - target: {fileID: 559241867749857287, guid: 87c4865a6db0d45488f62d3b2b46205c, type: 3}
      propertyPath: m_Name
      value: (0, 3)
      objectReference: {fileID: 0}
    - target: {fileID: 559241867749857288, guid: 87c4865a6db0d45488f62d3b2b46205c, type: 3}
      propertyPath: m_RootOrder
      value: 7
      objectReference: {fileID: 0}
    - target: {fileID: 559241867749857288, guid: 87c4865a6db0d45488f62d3b2b46205c, type: 3}
      propertyPath: m_LocalPosition.x
      value: 0
      objectReference: {fileID: 0}
    - target: {fileID: 559241867749857288, guid: 87c4865a6db0d45488f62d3b2b46205c, type: 3}
      propertyPath: m_LocalPosition.y
      value: 0
      objectReference: {fileID: 0}
    - target: {fileID: 559241867749857288, guid: 87c4865a6db0d45488f62d3b2b46205c, type: 3}
      propertyPath: m_LocalPosition.z
      value: 30
      objectReference: {fileID: 0}
    - target: {fileID: 559241867749857288, guid: 87c4865a6db0d45488f62d3b2b46205c, type: 3}
      propertyPath: m_LocalRotation.w
      value: 1
      objectReference: {fileID: 0}
    - target: {fileID: 559241867749857288, guid: 87c4865a6db0d45488f62d3b2b46205c, type: 3}
      propertyPath: m_LocalRotation.x
      value: -0
      objectReference: {fileID: 0}
    - target: {fileID: 559241867749857288, guid: 87c4865a6db0d45488f62d3b2b46205c, type: 3}
      propertyPath: m_LocalRotation.y
      value: -0
      objectReference: {fileID: 0}
    - target: {fileID: 559241867749857288, guid: 87c4865a6db0d45488f62d3b2b46205c, type: 3}
      propertyPath: m_LocalRotation.z
      value: -0
      objectReference: {fileID: 0}
    - target: {fileID: 559241867749857288, guid: 87c4865a6db0d45488f62d3b2b46205c, type: 3}
      propertyPath: m_LocalEulerAnglesHint.x
      value: 0
      objectReference: {fileID: 0}
    - target: {fileID: 559241867749857288, guid: 87c4865a6db0d45488f62d3b2b46205c, type: 3}
      propertyPath: m_LocalEulerAnglesHint.y
      value: 0
      objectReference: {fileID: 0}
    - target: {fileID: 559241867749857288, guid: 87c4865a6db0d45488f62d3b2b46205c, type: 3}
      propertyPath: m_LocalEulerAnglesHint.z
      value: 0
      objectReference: {fileID: 0}
    - target: {fileID: 5362738642376432093, guid: 87c4865a6db0d45488f62d3b2b46205c, type: 3}
      propertyPath: m_Name
      value: Text (TMP)
      objectReference: {fileID: 0}
    m_RemovedComponents: []
  m_SourcePrefab: {fileID: 100100000, guid: 87c4865a6db0d45488f62d3b2b46205c, type: 3}
--- !u!4 &2040745813 stripped
Transform:
  m_CorrespondingSourceObject: {fileID: 559241867749857288, guid: 87c4865a6db0d45488f62d3b2b46205c, type: 3}
  m_PrefabInstance: {fileID: 1511863376}
  m_PrefabAsset: {fileID: 0}
--- !u!4 &2069367247 stripped
Transform:
  m_CorrespondingSourceObject: {fileID: 559241867749857288, guid: 87c4865a6db0d45488f62d3b2b46205c, type: 3}
  m_PrefabInstance: {fileID: 546942112}
  m_PrefabAsset: {fileID: 0}
--- !u!1001 &559241868481829296
PrefabInstance:
  m_ObjectHideFlags: 0
  serializedVersion: 2
  m_Modification:
    m_TransformParent: {fileID: 424561908}
    m_Modifications:
    - target: {fileID: 559241867749857287, guid: 87c4865a6db0d45488f62d3b2b46205c, type: 3}
      propertyPath: m_Name
      value: (0, 0)
      objectReference: {fileID: 0}
    - target: {fileID: 559241867749857288, guid: 87c4865a6db0d45488f62d3b2b46205c, type: 3}
      propertyPath: m_RootOrder
      value: 0
      objectReference: {fileID: 0}
    - target: {fileID: 559241867749857288, guid: 87c4865a6db0d45488f62d3b2b46205c, type: 3}
      propertyPath: m_LocalPosition.x
      value: 0
      objectReference: {fileID: 0}
    - target: {fileID: 559241867749857288, guid: 87c4865a6db0d45488f62d3b2b46205c, type: 3}
      propertyPath: m_LocalPosition.y
      value: 0
      objectReference: {fileID: 0}
    - target: {fileID: 559241867749857288, guid: 87c4865a6db0d45488f62d3b2b46205c, type: 3}
      propertyPath: m_LocalPosition.z
      value: 0
      objectReference: {fileID: 0}
    - target: {fileID: 559241867749857288, guid: 87c4865a6db0d45488f62d3b2b46205c, type: 3}
      propertyPath: m_LocalRotation.w
      value: 1
      objectReference: {fileID: 0}
    - target: {fileID: 559241867749857288, guid: 87c4865a6db0d45488f62d3b2b46205c, type: 3}
      propertyPath: m_LocalRotation.x
      value: -0
      objectReference: {fileID: 0}
    - target: {fileID: 559241867749857288, guid: 87c4865a6db0d45488f62d3b2b46205c, type: 3}
      propertyPath: m_LocalRotation.y
      value: -0
      objectReference: {fileID: 0}
    - target: {fileID: 559241867749857288, guid: 87c4865a6db0d45488f62d3b2b46205c, type: 3}
      propertyPath: m_LocalRotation.z
      value: -0
      objectReference: {fileID: 0}
    - target: {fileID: 559241867749857288, guid: 87c4865a6db0d45488f62d3b2b46205c, type: 3}
      propertyPath: m_LocalEulerAnglesHint.x
      value: 0
      objectReference: {fileID: 0}
    - target: {fileID: 559241867749857288, guid: 87c4865a6db0d45488f62d3b2b46205c, type: 3}
      propertyPath: m_LocalEulerAnglesHint.y
      value: 0
      objectReference: {fileID: 0}
    - target: {fileID: 559241867749857288, guid: 87c4865a6db0d45488f62d3b2b46205c, type: 3}
      propertyPath: m_LocalEulerAnglesHint.z
      value: 0
      objectReference: {fileID: 0}
    - target: {fileID: 5362738642376432093, guid: 87c4865a6db0d45488f62d3b2b46205c, type: 3}
      propertyPath: m_Name
      value: Text (TMP)
      objectReference: {fileID: 0}
    m_RemovedComponents: []
  m_SourcePrefab: {fileID: 100100000, guid: 87c4865a6db0d45488f62d3b2b46205c, type: 3}
